3467 5334
569 358 700 423 100
1681 354 1865 429 Caput
1899 356 1967 414 Π.

563 522 798 608 effecit,
854 528 926 589 ut
989 547 1156 590 anno
1204 525 1335 589 409
1390 522 1628 589 iterum
1682 523 1938 589 Siciliae
1995 523 2190 587 urbes
2245 522 2513 610 aggredi
2569 521 2895 587 auderent.
2987 519 3080 587 At

561 630 734 694 haud
788 632 1065 698 feliciter
1127 637 1582 719 pugnaverunt
1636 655 1756 717 per
1809 636 2023 697 totum
2078 631 2251 716 quod
2298 631 2689 715 sequebatur
2737 630 3081 715 saeculum,

560 738 949 803 foedissimis
1015 738 1306 803 cladibus
1372 738 1585 803 affecti
1651 762 1687 802 a
1751 737 2065 821 Dionysio
2086 788 2103 821 ,
2177 737 2616 822 Timoleonte,
2687 737 3079 825 Agathocle3

560 845 856 928 saepiens
903 846 1098 909 etiam
1144 845 1417 909 internis
1464 845 1895 910 seditionibus
1937 844 2257 930 angustiis
2294 845 2713 929 premebatur
2749 844 3077 930 Carthago

562 952 783 1016 eadem
846 956 1081 1017 aetate:
1148 952 1526 1016 memoriam
1589 953 1801 1017 recolo
1867 951 2206 1016 Hannonis
2260 950 2483 1037 Magni
2551 955 2615 1016 et
2669 951 3077 1016 Bomilcaris!

559 1058 733 1135 Quae
798 1082 944 1125 cum
1006 1059 1100 1123 ita
1163 1059 1321 1144 sint,
1384 1082 1516 1123 non
1578 1060 1646 1123 in
1701 1058 2012 1146 ambiguo
2069 1061 2230 1143 puto
2287 1057 2646 1123 insistimus
2701 1059 3076 1123 testimonio

557 1163 701 1247 ipso
756 1165 1097 1232 Hannonis
1151 1165 1345 1230 titulo
1415 1166 1891 1231 evidentissime
1947 1164 2242 1250 patefieri
2298 1164 2451 1250 rati,
2517 1187 2711 1250 quam
2764 1188 3078 1251 prospera

557 1272 930 1339 condicione
997 1272 1321 1359 Carthago
1377 1272 1481 1337 vel
1534 1271 1612 1337 V.
1670 1273 1924 1337 saeculo
1981 1295 2098 1337 usa
2155 1271 2240 1336 sit
2305 1275 2700 1356 quantaque·
2729 1272 3075 1338 abundarit

553 1378 891 1444 hominum
936 1379 1368 1445 multitudine.

731 1486 824 1553 Ut
863 1487 1035 1552 enim
1074 1511 1153 1552 ex
1189 1491 1482 1551 veterum
1520 1491 1828 1572 computo
1866 1508 2196 1553 sumamus
2234 1485 2341 1573 (cf.
2383 1485 2557 1550 Caes.
2596 1486 2667 1550 B.
2708 1486 2867 1551 Gall.
2904 1487 2939 1551 I
2969 1489 3073 1552 29.

557 1591 822 1676 Dionys
868 1592 1013 1658 Hal.
1060 1592 1153 1657 IX
1189 1591 1326 1680 25),
1372 1598 1669 1678 quartam
1711 1595 1845 1658 fere
1893 1595 2267 1659 colonorum
2312 1597 2567 1678 partem
2614 1594 2898 1658 effecisse
2948 1616 3074 1679 eOS‚

558 1699 668 1783 qui
733 1723 912 1765 arma
975 1702 1142 1766 ferre
1208 1705 1512 1785 poterant
1569 1741 1652 1748 ——
1711 1724 2102 1787 quamquam
2159 1723 2383 1766 eorum
2443 1723 2784 1765 numerum
2845 1723 3073 1785 reapse

554 1807 774 1890 paullo
823 1808 1132 1873 maiorem
1176 1808 1375 1873 fuisse
1432 1809 1821 1874 recentiores
1869 1809 2363 1873 enucleaverunt
2377 1805 2428 1893 ¹)
2480 1846 2555 1855 —-
2610 1809 2722 1873 sed
2768 1813 2840 1872 ut
2888 1830 3072 1892 quar-

552 1915 687 1976 tam
743 1917 994 1978 tantum
1044 1919 1299 1999 partem
1345 1937 1671 1981 sumamus
1680 1968 1698 2001 ‚
1754 1917 2071 1981 habemus
2121 1916 2295 1981 7500
2340 1915 2513 1979 viros
2579 1915 2689 2000 qui
2738 1938 2867 1980 uno
2913 1919 3070 1979 tem-

555 2041 713 2103 pore
751 2020 1032 2104 patriam
1069 2021 1459 2107 relinquunt.
1534 2023 1720 2099 Quod
1757 2047 1988 2109 parum
2025 2022 2368 2108 probabile
2406 2026 2592 2108 esset,
2631 2022 2685 2086 si
2723 2021 3070 2086 Belochius

552 2125 621 2213 (l.
669 2127 709 2190 l.
766 2151 829 2212 p.
876 2126 1036 2214 466)
1104 2129 1241 2193 iure
1307 2130 1778 2216 contendisset,
1849 2129 2307 2216 Carthaginem
2370 2151 2702 2213 nunquam
2763 2120 3071 2193 habuisse

551 2232 701 2316 plus
748 2236 879 2300 200
925 2234 1029 2299 vel
1075 2237 1206 2300 300
1260 2235 1439 2299 milia
1495 2236 1868 2303 incolarum.
1959 2236 2052 2301 At
2108 2237 2232 2302 hoc
2276 2236 2386 2300 vix
2434 2236 2581 2322 erit,
2639 2235 2740 2299 cui
2790 2235 3067 2319 placeat;

549 2360 827 2424 namque
875 2341 1186 2426 primum,
1245 2344 1417 2427 quod
1461 2343 1809 2409 Belochius
1854 2344 2145 2431 negavit,
2200 2343 2456 2409 Livium
2502 2342 2686 2431 (epit.
2727 2340 2843 2429 51)
2898 2345 3069 2406 recte

548 2446 922 2533 tradidisse,
988 2448 1314 2513 moenium
1380 2450 1721 2516 circuitum
1785 2451 1983 2516 fuisse
2052 2452 2138 2516 23
2204 2474 2286 2514 m.
2347 2474 2410 2535 p.
2459 2449 2528 2538 (i.
2578 2472 2629 2513 e.
2688 2447 2883 2533 paulo
2941 2470 3068 2511 am-

547 2551 723 2636 plius
770 2555 991 2619 30000
1037 2556 1175 2642 m),
1229 2555 1373 2620 vide
1421 2556 1509 2620 sis
1567 2579 1760 2641 quam
1807 2556 2066 2643 egregie
2115 2556 2252 2621 eius
2298 2557 2499 2621 verba
2545 2558 2628 2621 ab
2683 2556 2859 2622 omni
2907 2555 3069 2620 vitu—

548 2659 884 2743 peratione
923 2662 1268 2728 defendant
1308 2686 1470 2749 quae
1508 2664 1856 2729 novissime
1906 2665 2172 2728 effossae
2221 2668 2373 2728 sunt
2420 2687 2641 2729 eorum
2688 2665 2937 2747 ruinae,
2985 2685 3063 2725 ex

548 2767 786 2850 quibus
832 2768 1150 2835 Tissotius
1162 2770 1216 2856 2)
1264 2771 1590 2837 ambitum
1635 2773 1728 2837 ita
1776 2771 2208 2856 computavit:

727 2946 1071 3014 ‘Enceinte
1119 2950 1195 3013 de
1241 2949 1305 3012 la
1349 2949 1502 3013 ville
1548 2953 1971 3034 proprement
2018 2948 2176 3012 dite:

1000 3074 1195 3158 triple
1244 3074 1503 3139 defense
2317 3075 2492 3140 4678
2522 3097 2587 3139 m

998 3178 1316 3266 longueur
1362 3182 1446 3245 du
1494 3205 1639 3247 mur
1685 3183 1762 3246 de
1809 3205 1946 3246 mer
2319 3182 2491 3247 3867
2544 3231 2579 3265 ‚‚

998 3310 1144 3351 mur
1189 3291 1493 3373 separant
1539 3289 1603 3352 la
1648 3289 1800 3353 ville
1849 3289 1926 3353 de
1972 3288 2238 3385 Megara
2320 3289 2627 3385 336043.-

2014 3394 2206 3459 total:
2259 3396 2334 3458 11
2361 3396 2490 3459 905
2519 3417 2601 3458 m.

720 3496 1034 3564 Enceinte
1082 3501 1159 3564 de
1203 3502 1495 3588 Megara:

998 3624 1194 3710 triple
1242 3627 1499 3691 defense
2314 3627 2488 3690 4717
2519 3648 2586 3690 m

994 3755 1139 3797 mur
1185 3733 1261 3797 de
1308 3756 1446 3798 mer
2253 3735 2333 3798 13
2358 3734 2486 3798 643
2540 3783 2576 3819 „

994 3861 1140 3903 mur
1185 3843 1489 3925 separant
1525 3840 1790 3925 Megara
1829 3838 1905 3901 de
1943 3837 2006 3901 la
2041 3838 2194 3902 ville

1594 3950 2013 4031 proprement
2062 3946 2194 4010 dite
2313 3946 2489 4011 3360
2539 3997 2574 4031 ‚‚

1991 4039 2201 4117 ''tb'ffilz
2248 4053 2328 4116 21
2356 4053 2486 4116 720
2514 4038 2628 4117 m‘P‘

521 4278 526 4281 -
723 4250 773 4312 1)
840 4246 907 4301 cf.
972 4243 1185 4301 Beloch
1205 4286 1220 4313 ‚
1294 4247 1676 4316 Bevo'lkeruny
1741 4247 1838 4301 der
1899 4245 2198 4316 griechisch
2217 4277 2238 4287 -
2257 4247 2558 4302 romischen
2642 4247 2784 4303 Welt
2856 4268 2909 4319 p.
2968 4256 3055 4304 27.

537 4333 601 4390 Ε.
648 4333 838 4403 Meyer
902 4334 1224 4390 Handbuch
1278 4336 1375 4391 der
1429 4334 2062 4401 Staatswissenschaften
2117 4334 2242 4390 edd.
2299 4334 2544 4405 Oonrad,
2604 4335 2816 4407 Elster,
2869 4336 3053 4406 Lexin,

536 4422 755 4493 Loning
794 4423 844 4476 11
879 4442 934 4493 p.
963 4428 1069 4478 443
1091 4441 1209 4492 sqq.
1786 4416 1791 4421 ’

717 4516 770 4580 2)
809 4512 878 4567 cf.
915 4514 1239 4584 ye'oyraphie
1284 4514 1561 4582 compare'e
1607 4515 1672 4568 de
1717 4514 1777 4567 la
1816 4513 2077 4580 province
2113 4513 2385 4567 Romaim
2420 4514 2720 4584 d’Afrique
2756 4515 2783 4568 I
2818 4535 2874 4587 p.
2914 4522 3044 4585 5843

537 4600 608 4655 cf.
646 4599 782 4655 ibid.
821 4619 877 4671 p.
908 4607 1039 4657 564:
1069 4604 1213 4673 plan
1249 4603 1315 4657 de
1352 4601 1620 4675 Uarthaqe
1657 4602 1838 4658 dre-386
1870 4602 2089 4672 d’apres
2119 4602 2192 4657 les
2220 4603 2356 4659 levas
2382 4603 2448 4658 de
2478 4602 2660 4659 Fazbe
2684 4612 2737 4661 et
2763 4607 2829 4661 de
2854 4607 3050 4666 Dauoe.
