3467 5334
520 391 605 453 92
1630 390 1813 461 Caput
1848 393 1916 447 ΙΙ.

519 554 866 640 Hannibal,
911 555 1280 620 Hasdrubal
1326 560 1390 619 et
1441 555 1724 640 Sappho.
1808 555 1933 619 Per
1976 556 2096 620 hos
2142 577 2243 619 res
2282 554 2911 641 Carthaginiensium
2957 578 3032 619 ea

519 665 906 745 tempestate
952 662 1394 748 regebantur'.
1495 663 1819 727 Effectum
1865 667 1964 726 est
2019 662 2234 745 priore
2290 662 2402 726 illa
2457 661 3033 749 argumentatione,

519 768 857 834 Hannonis
921 770 1068 835 iter>
1105 770 1524 835 tribuendum
1579 792 1715 833 esse
1773 768 1866 833 eis
1920 769 2105 833 annis
2114 820 2132 854 ,
2199 768 2310 852 qui
2365 768 2535 833 inter
2590 770 2723 834 465
2779 773 2844 833 et
2898 770 3032 835 450

519 878 1131 962 praeterfluxerunt3
1176 877 1399 942 eadem
1435 900 1586 941 vero
1634 880 1851 949 aetate
1881 876 2181 941 vixerunt
2218 875 2606 940 Hamilcaris
2658 876 2769 960 qui
2807 899 2858 941 a.
2898 879 3031 942 480

519 983 748 1047 cecidit
784 983 922 1070 filii,
971 1008 1050 1049 ex
1089 985 1327 1069 quibus
1374 983 1639 1049 maximi
1674 988 1835 1047 natu
1873 988 2056 1048 erant
2092 983 2373 1048 Himilco
2413 988 2477 1047 et
2514 983 2768 1068 Hanno,
2805 984 3030 1049 eodem

517 1095 810 1175 tempore
893 1092 1161 1157 summis
1242 1093 1587 1178 fungentes
1660 1090 2188 1176 magistratibus;
2272 1090 2451 1156 vides
2530 1091 2734 1177 igitur
2815 1092 3031 1157 omnia

518 1198 847 1282 aptissime
904 1198 1232 1264 conciliari
1289 1203 1353 1263 et
1409 1221 1483 1263 eo
1541 1198 1776 1282 redire,
1839 1201 1913 1261 ut
1969 1201 2353 1284 statuamUS,
2416 1198 2805 1263 Hamilcaris
2859 1199 3030 1264 filios

516 1305 749 1371 itinera
813 1307 894 1370 ad
954 1329 1154 1370 novas
1218 1311 1422 1371 terras
1490 1305 1886 1390 quaerendas
1952 1305 2336 1389 suscepisse,
2402 1310 2547 1370 cum
2611 1307 2859 1371 interea
2915 1308 3027 1390 qui

516 1412 748 1477 tertius
804 1418 941 1477 erat
996 1414 1196 1479 frater
1243 1413 1442 1499 Gisgo
1498 1434 1627 1477 una
1682 1435 1828 1477 cum
1882 1412 2291 1497 patruelibus
2344 1414 2439 1478 rei
2493 1414 2795 1497 publicae
2847 1437 3025 1499 prae-

518 1523 702 1583 esset.
767 1520 986 1585 Unum
1015 1521 1203 1585 addo:
1241 1520 1843 1604 probabilissimum
1869 1519 2021 1584 hinc
2049 1520 2246 1605 reddi,
2283 1521 2487 1605 priori
2517 1522 2739 1606 potius
2766 1521 3027 1586 illorum

510 1649 824 1692 annorum
871 1628 1135 1693 dimidio
1177 1627 1808 1714 Carthaginiensium
1848 1627 2329 1714 navigationem
2367 1628 2821 1716 assignandam
2859 1651 3027 1694 esse:

504 1757 653 1798 nam
712 1758 846 1800 non
899 1735 1109 1801 solent
1166 1736 1448 1802 seniores
1505 1735 1800 1801 homines
1857 1739 1922 1800 et
1950 1739 2188 1805 ,aetate
2244 1735 2535 1820 provecti
2590 1736 2750 1800 talia
2803 1736 3023 1802 subire

504 1840 811 1926 pericula.

680 1949 885 2015 Porro
944 1951 1065 2015 etsi
1123 1974 1358 2036 anceps
1425 1975 1562 2017 esse
1628 1952 1837 2017 sentio
1904 1951 2079 2016 aliud
2145 1951 2300 2036 quid
2352 1974 2485 2015 non
2539 1952 2794 2036 tacebo,
2855 1952 3027 2036 quod

507 2058 858 2122 observavi.
935 2059 1262 2123 Incertum
1326 2060 1534 2124 adhuc
1599 2058 1981 2143 reliquimus
1999 2077 2036 2145 ,‘
2097 2081 2224 2143 qua
2288 2059 2365 2121 de
2431 2080 2621 2122 causa
2684 2057 3024 2123 Hannonis

502 2165 832 2249 expeditio
889 2165 1190 2230 instituta
1246 2159 1346 2231 sit.
1449 2165 1655 2231 Aiunt
1709 2167 1907 2252 vulgo
1965 2189 2105 2231 eam
2159 2170 2295 2230 tam
2360 2168 2652 2250 apertam
2717 2188 2884 2250 esse,
2950 2170 3024 2229 ut

502 2295 697 2338 manu
751 2295 957 2359 paene
1003 2277 1325 2340 teneatur:
1385 2274 1684 2338 videlicet
1732 2274 2262 2338 commerciorum
2309 2273 2787 2338 condendorum
2833 2295 3023 2337 causa

503 2379 1069 2466 Carthaginienses
1116 2385 1216 2447 tot
1256 2382 1545 2447 emisisse
1584 2382 1847 2446 colonos
1861 2379 1929 2468 l).
2012 2380 2231 2466 Atque
2268 2381 2560 2465 profecto
2598 2403 2790 2445 nemo
2829 2403 3022 2445 sanus

499 2487 852 2573 negaverit,
899 2487 1168 2572 PoenOS,
1215 2512 1361 2554 cum
1411 2490 1695 2574 quinque
1742 2488 1890 2553 illas
1935 2489 2005 2553 in
2051 2489 2314 2553 occidua
2355 2488 2565 2573 Libya
2612 2488 3020 2553 aedificarent

500 2593 713 2679 urbes,
760 2594 827 2659 id
875 2599 1214 2681 spectasse,
1261 2601 1334 2662 ut
1380 2597 1630 2682 patriae
1677 2596 2170 2662 florentissimae
2208 2596 2338 2660 iam
2377 2595 2667 2680 emporio
2707 2600 3021 2682 augerent

501 2703 897 2767 commercia.
989 2703 1301 2769 Attamen
1345 2704 1413 2769 id
1458 2705 1762 2789 pervalde
1809 2704 2081 2769 dubium
2128 2703 2288 2768 mihi
2333 2703 2613 2788 videtur,
2657 2724 2815 2768 num
2861 2704 3019 2768 haec

500 2809 687 2874 unica
724 2811 921 2876 fuerit
958 2812 1258 2877 mittendi
1296 2813 1568 2899 triginta
1605 2811 1785 2876 milia
1820 2812 2157 2877 hominum
2194 2834 2409 2896 causa3
2454 2834 2733 2896 namque
2771 2811 3019 2875 intuen-

497 2921 596 2981 tes
644 2923 709 2982 et
754 2918 991 2984 veteris
1039 2924 1103 2985 et
1150 2919 1397 2984 mediae
1447 2924 1510 2984 et
1558 2919 1937 2984 recentioris
1973 2918 2205 2983 aetatis
2243 2917 2640 2983 coloniarum
2675 2918 3018 2983 historiam

499 3024 1067 3090 animadvertimus
1105 3049 1370 3110 perraro
1409 3031 1660 3091 tantam
1698 3026 1935 3091 civium
1972 3025 2457 3091 multitudinem
2496 3048 2624 3091 uno
2664 3027 3016 3110 eodemque

498 3132 811 3217 temporis
841 3137 1169 3198 momento
1201 3157 1235 3198 e
1265 3134 1478 3220 patria
1506 3134 1668 3199 urbe
1700 3133 1992 3219 cessisse;
2029 3133 2086 3198 si
2112 3156 2264 3198 vero
2304 3133 2721 3220 emigrarunt,
2763 3155 3018 3217 semper

498 3240 767 3305 interior
815 3240 1125 3323 quaedam
1174 3245 1238 3305 et
1284 3242 1614 3307 recondita
1661 3242 1925 3306 suberat
1974 3263 2188 3324 causa,
2254 3264 2417 3326 quae
2465 3263 2612 3306 eum
2660 3241 2770 3326 qui
2818 3240 3011 3306 altius

496 3345 932 3430 penetraverit
968 3371 1323 3432 numquam
1359 3349 1610 3413 latebit.
1685 3348 1831 3413 Huc
1857 3371 1990 3412 non
2017 3348 2157 3411 leve
2186 3347 2440 3431 pondus
2468 3346 2844 3413 Aristotelis
2875 3347 3011 3432 qui-

502 3454 649 3517 dam
694 3453 874 3518 locus
921 3454 1115 3539 addit,
1168 3455 1278 3538 qui
1326 3459 1398 3519 ut
1447 3455 1681 3520 similia
1728 3456 1805 3520 de
1853 3455 2015 3539 ipsis
2063 3454 2698 3542 Carthaginiensium
2745 3456 3013 3521 coloniis

498 3561 896 3645 suspicemur
969 3584 1089 3626 nos
1155 3562 1438 3648 adducit3
1503 3568 1919 3647 exponuntur
1983 3563 2154 3628 enim
2208 3562 2346 3627 Pol.
2394 3561 2457 3639 Π
2507 3565 2586 3628 11
2645 3585 2704 3647 p.
2766 3564 2936 3629 1273
2967 3564 3010 3627 b

497 3668 682 3733 haec:
758 3662 1209 3754 Ὀλιγαρχικῆς
1283 3666 1356 3734 δὲ
1430 3671 1635 3753 οὔσης
1706 3678 1822 3752 τῆς
1894 3674 2225 3748 πολιτείας
2307 3672 2542 3757 ἄριστα
2624 3667 3010 3756 <στάσιν>2>
3117 3723 3121 3728 .

497 3776 896 3859 ἐκφεύγουσι
932 3784 1023 3865 τῷ
1063 3780 1438 3856 πλουτίζειν
1476 3780 1612 3843 αἰεί
1650 3801 1713 3843 τι
1760 3788 1882 3843 τοῦ
1930 3779 2146 3863 δήμου
2192 3776 2392 3863 μέρος
2430 3775 2866 3861 ἐκπέμποντες
2901 3775 3008 3843 ἐπὶ

495 3884 612 3960 τὰς
657 3885 905 3959 πόλεις·
965 3885 1176 3973 τούτῳ
1225 3886 1351 3972 γὰρ
1401 3886 1631 3950 ἰῶνται
1678 3882 1789 3949 καὶ
1834 3893 2103 3950 ποιοῦσι
2149 3887 2433 3969 μόνιμον
2479 3886 2603 3968 τὴν
2649 3887 3006 3951 πολιτείαν.

497 3990 662 4056 ἀλλὰ
717 3993 910 4055 τουτί
962 3991 1100 4056 ἐστι
1153 3993 1355 4077 τύχης
1410 3995 1641 4077 ἔργον,
1699 3993 1807 4057 δεῖ
1859 3988 1931 4057 δὲ
1988 3991 2468 4068 ἀστασιάστους
2513 3985 2686 4056 εἷναι
2733 3992 2845 4057 διὰ
2889 3994 3003 4057 τὸν

497 4094 895 4182 νομοθέτην.
971 4106 1099 4164 νῦν
1156 4094 1231 4164 δὲ
1286 4097 1370 4164 ἂν
1425 4099 1659 4184 ἀτυχία
1713 4097 1992 4182 γένηταί
2030 4121 2129 4174 τις
2173 4094 2283 4163 καὶ
2328 4099 2402 4162 τὸ
2449 4102 2710 4182 πλῆθος
2756 4098 3007 4185 ἀποστῇ

498 4215 632 4269 τῶν
681 4203 1068 4289 ἀρχομένων
1116 4203 1318 4271 οὐδέν
1367 4205 1504 4271 ἐστι
1550 4207 1906 4292 φάρμακον
1955 4206 2065 4270 διὰ
2102 4214 2237 4270 τῶν
2286 4208 2513 4289 νόμων
2559 4214 2674 4289 τῆς
2709 4204 3005 4290 ἡσυχίας.

493 4311 722 4396 Neque
781 4312 1012 4376 desunt
1088 4335 1250 4396 quae
1307 4312 1464 4377 haec
1527 4312 1631 4376 vel
1687 4312 1769 4376 ad
1822 4311 2101 4396 pristina
2155 4311 2268 4378 illa
2322 4316 2617 4398 tempora
2671 4314 3005 4378 referenda

675 4562 726 4631 1)
764 4559 831 4615 cf.
873 4561 1120 4614 Roscher
1157 4577 1211 4615 u.
1248 4558 1560 4628 Jannasch,
1599 4560 1905 4616 Kolonieen
1939 4580 1993 4632 p.
2029 4567 2095 4614 10
2120 4578 2202 4628 sq.

675 4651 729 4719 2)
767 4650 855 4702 Ita
896 4650 1048 4703 recte
1084 4646 1422 4716 Bernaysius
1462 4648 1760 4719 supplevit.
