<?xml version="1.0" encoding="UTF-8"?>
<!DOCTYPE html PUBLIC "-//W3C//DTD XHTML 1.0 Transitional//EN"
    "http://www.w3.org/TR/xhtml1/DTD/xhtml1-transitional.dtd">
<html xmlns="http://www.w3.org/1999/xhtml" xml:lang="en" lang="en">
 <head>
  <title>
</title>
<meta http-equiv="Content-Type" content="text/html;charset=utf-8" />
  <meta name='ocr-system' content='tesseract 3.04.00' />
  <meta name='ocr-capabilities' content='ocr_page ocr_carea ocr_par ocr_line ocrx_word'/>
</head>
<body>
  <div class='ocr_page' id='page_1' title='image "./dehannoniscarth00fiscgoog_0087.png"; bbox 0 0 3467 5334; ppageno 0'>
   <div class='ocr_carea' id='block_1_1' title="bbox 637 352 2812 454">
    <p class='ocr_par' dir='ltr' id='par_1_1' title="bbox 637 352 2812 454">
     <span class='ocr_line' id='line_1_1' title="bbox 637 352 2812 454; baseline 0.003 -19"><span class='ocrx_word' id='word_1_1' title='bbox 637 372 876 452; x_wconf 76' lang='lat' dir='ltr'>Reliqua</span> <span class='ocrx_word' id='word_1_2' title='bbox 914 352 983 436; x_wconf 74' lang='lat' dir='ltr'>de</span> <span class='ocrx_word' id='word_1_3' title='bbox 1020 374 1232 452; x_wconf 77' lang='lat' dir='ltr'>Libyae</span> <span class='ocrx_word' id='word_1_4' title='bbox 1271 393 1370 438; x_wconf 83' lang='lat' dir='ltr'>ora</span> <span class='ocrx_word' id='word_1_5' title='bbox 1405 375 1746 437; x_wconf 78' lang='lat' dir='ltr'>occidentali</span> <span class='ocrx_word' id='word_1_6' title='bbox 1782 377 2052 438; x_wconf 80' lang='lat' dir='ltr'>memoria</span> <span class='ocrx_word' id='word_1_7' title='bbox 2089 375 2508 454; x_wconf 78' lang='lat' dir='ltr'>(Ptolemaeus).</span> <span class='ocrx_word' id='word_1_8' title='bbox 2730 377 2812 448; x_wconf 78' lang='lat'>79</span> 
     </span>
    </p>
   </div>
   <div class='ocr_carea' id='block_1_2' title="bbox 313 541 2818 1703">
    <p class='ocr_par' dir='ltr' id='par_1_2' title="bbox 313 541 2818 1468">
     <span class='ocr_line' id='line_1_2' title="bbox 319 541 2817 632; baseline -0 -20"><span class='ocrx_word' id='word_1_9' title='bbox 319 541 557 632; x_wconf 82' lang='lat' dir='ltr'>Libyae</span> <span class='ocrx_word' id='word_1_10' title='bbox 632 566 809 611; x_wconf 88' lang='lat' dir='ltr'>oram</span> <span class='ocrx_word' id='word_1_11' title='bbox 882 546 1173 611; x_wconf 83' lang='lat' dir='ltr'>austrum</span> <span class='ocrx_word' id='word_1_12' title='bbox 1238 564 1461 611; x_wconf 83' lang='lat' dir='ltr'>versus</span> <span class='ocrx_word' id='word_1_13' title='bbox 1521 565 1655 611; x_wconf 89' lang='lat' dir='ltr'>non</span> <span class='ocrx_word' id='word_1_14' title='bbox 1716 543 1996 613; x_wconf 88' lang='lat' dir='ltr'>multum</span> <span class='ocrx_word' id='word_1_15' title='bbox 2061 544 2232 613; x_wconf 85' lang='lat' dir='ltr'>ultra</span> <span class='ocrx_word' id='word_1_16' title='bbox 2293 544 2817 632; x_wconf 87' lang='lat' dir='ltr'>promunturium</span> 
     </span>
     <span class='ocr_line' id='line_1_3' title="bbox 316 654 2817 738; baseline -0 -18"><span class='ocrx_word' id='word_1_17' title='bbox 316 656 596 738; x_wconf 82' lang='lat' dir='ltr'>Bojador</span> <span class='ocrx_word' id='word_1_18' title='bbox 657 677 878 719; x_wconf 86' lang='lat' dir='ltr'>revera</span> <span class='ocrx_word' id='word_1_19' title='bbox 941 654 1311 718; x_wconf 80' lang='lat' dir='ltr'>Ptolemaeo</span> <span class='ocrx_word' id='word_1_20' title='bbox 1375 658 1598 719; x_wconf 85' lang='lat' dir='ltr'>notam</span> <span class='ocrx_word' id='word_1_21' title='bbox 1662 655 1861 720; x_wconf 87' lang='lat' dir='ltr'>fuisse</span> <span class='ocrx_word' id='word_1_22' title='bbox 1927 677 2314 719; x_wconf 75' lang='lat' dir='ltr'>censeamus,</span> <span class='ocrx_word' id='word_1_23' title='bbox 2419 654 2603 732; x_wconf 80' lang='lat' dir='ltr'>Quod</span> <span class='ocrx_word' id='word_1_24' title='bbox 2666 678 2817 720; x_wconf 87' lang='lat' dir='ltr'>vero</span> 
     </span>
     <span class='ocr_line' id='line_1_4' title="bbox 317 761 2815 847; baseline 0.001 -23"><span class='ocrx_word' id='word_1_25' title='bbox 317 761 544 825; x_wconf 86' lang='lat' dir='ltr'>attinet</span> <span class='ocrx_word' id='word_1_26' title='bbox 602 761 680 826; x_wconf 88' lang='lat' dir='ltr'>ad</span> <span class='ocrx_word' id='word_1_27' title='bbox 729 784 836 826; x_wconf 89' lang='lat' dir='ltr'>eas</span> <span class='ocrx_word' id='word_1_28' title='bbox 885 784 1047 846; x_wconf 89' lang='lat' dir='ltr'>quae</span> <span class='ocrx_word' id='word_1_29' title='bbox 1094 761 1339 825; x_wconf 86' lang='lat' dir='ltr'>mediae</span> <span class='ocrx_word' id='word_1_30' title='bbox 1387 761 1557 826; x_wconf 86' lang='lat' dir='ltr'>inter</span> <span class='ocrx_word' id='word_1_31' title='bbox 1601 762 1908 827; x_wconf 85' lang='lat' dir='ltr'>Daratem</span> <span class='ocrx_word' id='word_1_32' title='bbox 1954 762 2467 847; x_wconf 86' lang='lat' dir='ltr'>Hesperiumque</span> <span class='ocrx_word' id='word_1_33' title='bbox 2513 785 2815 847; x_wconf 87' lang='lat' dir='ltr'>promun-</span> 
     </span>
     <span class='ocr_line' id='line_1_5' title="bbox 314 867 2816 955; baseline -0 -22"><span class='ocrx_word' id='word_1_34' title='bbox 314 868 551 933; x_wconf 90' lang='lat' dir='ltr'>turium</span> <span class='ocrx_word' id='word_1_35' title='bbox 598 868 904 954; x_wconf 86' lang='lat' dir='ltr'>leguntur</span> <span class='ocrx_word' id='word_1_36' title='bbox 946 872 1152 953; x_wconf 61' lang='lat' dir='ltr'>notem,</span> <span class='ocrx_word' id='word_1_37' title='bbox 1198 867 1399 953; x_wconf 79' lang='grc' dir='ltr'><em>μέγας</em></span> <span class='ocrx_word' id='word_1_38' title='bbox 1444 868 1553 931; x_wconf 91' lang='lat' dir='ltr'>ille</span> <span class='ocrx_word' id='word_1_39' title='bbox 1602 870 1802 954; x_wconf 83' lang='grc' dir='ltr'><strong><em>λιμὴν</em></strong></span> <span class='ocrx_word' id='word_1_40' title='bbox 1847 870 2399 955; x_wconf 78' lang='lat' dir='ltr'>recognoscendus</span> <span class='ocrx_word' id='word_1_41' title='bbox 2445 873 2544 934; x_wconf 89' lang='lat' dir='ltr'>est</span> <span class='ocrx_word' id='word_1_42' title='bbox 2590 874 2702 934; x_wconf 83' lang='lat' dir='ltr'>aut</span> <span class='ocrx_word' id='word_1_43' title='bbox 2747 870 2816 933; x_wconf 89' lang='lat' dir='ltr'>in</span> 
     </span>
     <span class='ocr_line' id='line_1_6' title="bbox 314 973 2818 1062; baseline -0 -22"><span class='ocrx_word' id='word_1_44' title='bbox 314 976 621 1041; x_wconf 88' lang='lat' dir='ltr'>hodierno</span> <span class='ocrx_word' id='word_1_45' title='bbox 669 976 954 1041; x_wconf 77' lang='lat' dir='ltr'>Gansado</span> <span class='ocrx_word' id='word_1_46' title='bbox 998 981 1195 1059; x_wconf 85' lang='lat' dir='ltr'>portu</span> <span class='ocrx_word' id='word_1_47' title='bbox 1208 973 1260 1062; x_wconf 86' lang='lat' dir='ltr'>l)</span> <span class='ocrx_word' id='word_1_48' title='bbox 1307 979 1419 1040; x_wconf 84' lang='lat' dir='ltr'>aut</span> <span class='ocrx_word' id='word_1_49' title='bbox 1466 976 1534 1040; x_wconf 92' lang='lat' dir='ltr'>in</span> <span class='ocrx_word' id='word_1_50' title='bbox 1582 977 1897 1042; x_wconf 75' lang='lat' dir='ltr'>Sckwilcae</span> <span class='ocrx_word' id='word_1_51' title='bbox 1942 977 2107 1041; x_wconf 89' lang='lat' dir='ltr'>ostio</span> <span class='ocrx_word' id='word_1_52' title='bbox 2157 978 2330 1061; x_wconf 89' lang='lat' dir='ltr'>quod</span> <span class='ocrx_word' id='word_1_53' title='bbox 2384 976 2592 1039; x_wconf 86' lang='lat' dir='ltr'>adhue</span> <span class='ocrx_word' id='word_1_54' title='bbox 2638 976 2818 1040; x_wconf 88' lang='lat' dir='ltr'>audit</span> 
     </span>
     <span class='ocr_line' id='line_1_7' title="bbox 313 1080 2816 1167; baseline -0.001 -18"><span class='ocrx_word' id='word_1_55' title='bbox 313 1086 481 1150; x_wconf 78' lang='lat' dir='ltr'>Boea</span> <span class='ocrx_word' id='word_1_56' title='bbox 534 1083 824 1160; x_wconf 77' lang='lat' dir='ltr'>Grande;</span> <span class='ocrx_word' id='word_1_57' title='bbox 870 1080 1276 1147; x_wconf 85' lang='lat' dir='ltr'>Arsinarium</span> <span class='ocrx_word' id='word_1_58' title='bbox 1322 1087 1539 1147; x_wconf 84' lang='lat' dir='ltr'>autem</span> <span class='ocrx_word' id='word_1_59' title='bbox 1584 1083 2108 1167; x_wconf 83' lang='lat' dir='ltr'>promunturium</span> <span class='ocrx_word' id='word_1_60' title='bbox 2155 1083 2503 1147; x_wconf 82' lang='lat' dir='ltr'>seeundum</span> <span class='ocrx_word' id='word_1_61' title='bbox 2549 1082 2816 1166; x_wconf 87' lang='lat' dir='ltr'>positio-</span> 
     </span>
     <span class='ocr_line' id='line_1_8' title="bbox 315 1186 2815 1276; baseline -0.001 -20"><span class='ocrx_word' id='word_1_62' title='bbox 315 1213 456 1256; x_wconf 87' lang='lat' dir='ltr'>nem</span> <span class='ocrx_word' id='word_1_63' title='bbox 512 1192 613 1254; x_wconf 89' lang='lat' dir='ltr'>est</span> <span class='ocrx_word' id='word_1_64' title='bbox 660 1189 794 1273; x_wconf 76' lang='lat' dir='ltr'>Cap</span> <span class='ocrx_word' id='word_1_65' title='bbox 837 1186 1088 1276; x_wconf 69' lang='lat' dir='ltr'>Juby2).</span> <span class='ocrx_word' id='word_1_66' title='bbox 1177 1189 1276 1254; x_wconf 91' lang='lat' dir='ltr'>De</span> <span class='ocrx_word' id='word_1_67' title='bbox 1331 1190 1596 1275; x_wconf 89' lang='lat' dir='ltr'>reliquis</span> <span class='ocrx_word' id='word_1_68' title='bbox 1642 1191 1802 1255; x_wconf 80' lang='lat' dir='ltr'>loeis</span> <span class='ocrx_word' id='word_1_69' title='bbox 1850 1194 2023 1256; x_wconf 82' lang='lat' dir='ltr'>certa</span> <span class='ocrx_word' id='word_1_70' title='bbox 2070 1212 2232 1274; x_wconf 86' lang='lat' dir='ltr'>quae</span> <span class='ocrx_word' id='word_1_71' title='bbox 2279 1212 2639 1274; x_wconf 88' lang='lat' dir='ltr'>proponam</span> <span class='ocrx_word' id='word_1_72' title='bbox 2685 1213 2815 1254; x_wconf 88' lang='lat' dir='ltr'>non</span> 
     </span>
     <span class='ocr_line' id='line_1_9' title="bbox 313 1296 2817 1384; baseline -0.001 -22"><span class='ocrx_word' id='word_1_73' title='bbox 313 1298 545 1384; x_wconf 78' lang='lat' dir='ltr'>habeO,</span> <span class='ocrx_word' id='word_1_74' title='bbox 613 1319 756 1361; x_wconf 85' lang='lat' dir='ltr'>oum</span> <span class='ocrx_word' id='word_1_75' title='bbox 819 1297 1198 1381; x_wconf 84' lang='lat' dir='ltr'>praesertim</span> <span class='ocrx_word' id='word_1_76' title='bbox 1250 1298 1378 1362; x_wconf 84' lang='lat' dir='ltr'>huo</span> <span class='ocrx_word' id='word_1_77' title='bbox 1433 1320 1688 1382; x_wconf 91' lang='lat' dir='ltr'>quoque</span> <span class='ocrx_word' id='word_1_78' title='bbox 1746 1297 2058 1381; x_wconf 85' lang='lat' dir='ltr'>quaedam</span> <span class='ocrx_word' id='word_1_79' title='bbox 2113 1296 2368 1361; x_wconf 82' lang='lat' dir='ltr'>aliunde</span> <span class='ocrx_word' id='word_1_80' title='bbox 2423 1297 2817 1380; x_wconf 86' lang='lat' dir='ltr'>transposita</span> 
     </span>
     <span class='ocr_line' id='line_1_10' title="bbox 315 1404 847 1468; baseline -0.002 0"><span class='ocrx_word' id='word_1_81' title='bbox 315 1427 443 1468; x_wconf 87' lang='lat' dir='ltr'>esse</span> <span class='ocrx_word' id='word_1_82' title='bbox 489 1404 847 1468; x_wconf 85' lang='lat' dir='ltr'>videantur.</span> 
     </span>
    </p>

    <p class='ocr_par' dir='ltr' id='par_1_3' title="bbox 319 1509 2818 1703">
     <span class='ocr_line' id='line_1_11' title="bbox 484 1509 2818 1597; baseline -0 -21"><span class='ocrx_word' id='word_1_83' title='bbox 484 1511 614 1576; x_wconf 79' lang='lat' dir='ltr'>Sed</span> <span class='ocrx_word' id='word_1_84' title='bbox 668 1509 1002 1574; x_wconf 74' lang='lat' dir='ltr'>mittamus</span> <span class='ocrx_word' id='word_1_85' title='bbox 1047 1511 1307 1576; x_wconf 89' lang='lat' dir='ltr'>tandem</span> <span class='ocrx_word' id='word_1_86' title='bbox 1353 1511 1696 1596; x_wconf 88' lang='lat' dir='ltr'>aliquando</span> <span class='ocrx_word' id='word_1_87' title='bbox 1746 1511 2153 1594; x_wconf 86' lang='lat' dir='ltr'>quaestiones</span> <span class='ocrx_word' id='word_1_88' title='bbox 2198 1512 2705 1597; x_wconf 82' lang='lat' dir='ltr'>topographieas</span> <span class='ocrx_word' id='word_1_89' title='bbox 2753 1517 2818 1575; x_wconf 91' lang='lat' dir='ltr'>et</span> 
     </span>
     <span class='ocr_line' id='line_1_12' title="bbox 319 1618 2126 1703; baseline 0 -21"><span class='ocrx_word' id='word_1_90' title='bbox 319 1618 755 1702; x_wconf 84' lang='lat' dir='ltr'>exspatiemur</span> <span class='ocrx_word' id='word_1_91' title='bbox 799 1618 870 1682; x_wconf 92' lang='lat' dir='ltr'>in</span> <span class='ocrx_word' id='word_1_92' title='bbox 913 1618 1215 1682; x_wconf 87' lang='lat' dir='ltr'>laetiores</span> <span class='ocrx_word' id='word_1_93' title='bbox 1261 1618 1795 1703; x_wconf 77' lang='lat' dir='ltr'>iucundioresque</span> <span class='ocrx_word' id='word_1_94' title='bbox 1843 1620 2126 1703; x_wconf 82' lang='lat' dir='ltr'>campos!</span> 
     </span>
    </p>
   </div>
   <div class='ocr_carea' id='block_1_3' title="bbox 321 1754 743 1762">
    <p class='ocr_par' dir='ltr' id='par_1_4' title="bbox 321 1754 743 1762">
     <span class='ocr_line' id='line_1_13' title="bbox 321 1754 743 1762; baseline 0 3572"><span class='ocrx_word' id='word_1_95' title='bbox 321 1754 743 1762; x_wconf 95' lang='lat' dir='ltr'> </span> 
     </span>
    </p>
   </div>
   <div class='ocr_carea' id='block_1_4' title="bbox 483 1811 1141 1972">
    <p class='ocr_par' dir='ltr' id='par_1_5' title="bbox 483 1811 1141 1972">
     <span class='ocr_line' id='line_1_14' title="bbox 483 1811 1141 1884; baseline 0.009 -19"><span class='ocrx_word' id='word_1_96' title='bbox 483 1819 537 1881; x_wconf 92' lang='lat'>1)</span> <span class='ocrx_word' id='word_1_97' title='bbox 583 1813 652 1868; x_wconf 85' lang='lat' dir='ltr'>ef.</span> <span class='ocrx_word' id='word_1_98' title='bbox 696 1811 899 1867; x_wconf 87' lang='lat' dir='ltr'>Vivien</span> <span class='ocrx_word' id='word_1_99' title='bbox 934 1832 989 1884; x_wconf 87' lang='lat' dir='ltr'>p.</span> <span class='ocrx_word' id='word_1_100' title='bbox 1020 1818 1141 1871; x_wconf 80' lang='lat'><strong>375.</strong></span> 
     </span>
     <span class='ocr_line' id='line_1_15' title="bbox 485 1900 1140 1972; baseline 0.006 -17"><span class='ocrx_word' id='word_1_101' title='bbox 485 1903 542 1971; x_wconf 84' lang='lat'>2)</span> <span class='ocrx_word' id='word_1_102' title='bbox 583 1900 652 1955; x_wconf 83' lang='lat' dir='ltr'>cf.</span> <span class='ocrx_word' id='word_1_103' title='bbox 694 1901 900 1958; x_wconf 83' lang='lat' dir='ltr'>Vivien</span> <span class='ocrx_word' id='word_1_104' title='bbox 933 1920 988 1972; x_wconf 87' lang='lat' dir='ltr'>p.</span> <span class='ocrx_word' id='word_1_105' title='bbox 1020 1909 1140 1960; x_wconf 80' lang='lat'><strong>375.</strong></span> 
     </span>
    </p>
   </div>
  </div>
 </body>
</html>
