3467 5334
630 367 717 433 48
1692 348 1699 359 ⁸
1766 368 1949 440 Caput
1983 368 2025 423 I.

638 530 896 615 quidem
941 531 1290 619 vestigium
1353 554 1470 596 nec
1533 532 1680 597 vola
1746 535 1845 597 est
1898 530 2139 598 montis
2195 532 2339 617 alti,
2404 533 2516 617 qui
2563 533 2852 599 ‘deorum
2898 534 3146 599 currus'

637 638 775 703 iure
805 639 930 704 dici
959 640 1185 725 possit.
1259 638 1328 704 Si
1365 662 1516 704 vero
1544 638 1742 704 Plinii
1780 644 2005 705 auctor
2041 640 2213 707 ultra
2247 638 2416 724 Juby
2452 641 2975 725 promunturium
3003 641 3145 725 ipse

637 746 833 834 longe
861 769 1245 834 progressus
1283 751 1467 830 esset,
1507 768 1669 831 quae
1708 746 2077 832 invenisset,
2114 747 2207 812 ita
2235 747 2698 833 descripsisset,
2744 752 2817 813 ut
2852 748 3145 835 intellegi

637 858 928 940 possent3
997 855 1168 939 quod
1223 876 1369 918 cum
1429 875 1611 918 secus
1667 854 1780 940 sit,
1846 858 2148 940 apparet,
2210 877 2357 919 eum
2413 855 2692 938 pendere
2748 878 2827 919 ex
2874 855 3149 920 aliorum

630 963 756 1026 fide
823 967 887 1026 et
950 961 1278 1026 rettulisse
1347 963 1500 1025 ficta
1563 965 1843 1046 tantum,
1919 984 2110 1047 quae.
2144 984 2264 1026 nec
2327 961 2560 1027 viderit
2627 961 2968 1048 quisquam
3029 984 3148 1026 nec

633 1069 847 1134 videre
886 1068 1193 1153 potuerit.
1258 1068 1548 1132 Permira
1586 1069 1758 1134 enim
1796 1070 1864 1133 in
1902 1069 1994 1133 eis
2034 1091 2196 1153 quae
2243 1074 2601 1154 sequuntur
2646 1069 3014 1156 ignorantia
3052 1072 3149 1133 est

633 1181 699 1242 et
746 1175 987 1261 duplex
1033 1175 1312 1240 maxime
1352 1197 1556 1240 error:
1600 1197 1733 1240 non
1772 1175 1981 1241 solum
2027 1176 2251 1241 Theon
2289 1176 2571 1242 Ochema
2616 1180 2904 1241 montem
2941 1175 3147 1261 ponit,

634 1284 751 1349 ubi
795 1282 1189 1368 Hesperium
1237 1281 1761 1366 promunturium
1807 1282 2178 1367 ponendum
2225 1287 2388 1368 erat,
2435 1282 2800 1368 Hesperion
2847 1306 3149 1368 promun-

633 1391 894 1477 turium,
932 1390 1048 1455 ubi
1076 1389 1300 1454 Theon
1329 1387 1609 1454 Ochema
1648 1388 2134 1482 commemorari
2168 1389 2412 1475 debuit,
2450 1390 2561 1456 sed
2591 1390 2786 1456 etiam
2815 1390 3149 1455 Atlantem

634 1499 704 1563 in
749 1498 960 1562 media
1005 1497 1257 1561 deserta
1302 1496 1604 1582 detrusit,
1661 1518 2049 1581 quamquam
2105 1519 2295 1561 nemo
2343 1499 2507 1581 puto
2555 1496 2818 1581 dixerit,
2877 1497 2993 1562 ubi
3039 1497 3150 1561 ille

636 1603 1035 1690 quaerendus
1100 1603 1202 1669 sit.
1294 1602 1520 1687 Itaque
1585 1626 1781 1670 unam
1844 1603 2030 1669 video
2096 1627 2176 1669 ex
2248 1603 2352 1669 his
2414 1604 2735 1692 angustiis
2801 1603 3151 1691 effugiendi

633 1712 830 1777 viam:
876 1715 951 1776 ut
997 1732 1263 1797 prorsus
1300 1709 1655 1776 abiciamus
1702 1710 1772 1775 in
1809 1710 2282 1798 topographica
2330 1710 2705 1795 quaestione
2755 1710 3150 1776 decernenda

636 1843 858 1886 omnes
911 1819 1030 1883 has
1074 1816 1270 1882 Plinii
1323 1821 1529 1882 notas
1621 1816 1697 1881 Id
1752 1841 1953 1884 unum
2007 1823 2236 1903 postea
2291 1819 2724 1903 reputandum
2779 1817 2931 1902 erit,
2994 1840 3154 1882 num

636 1927 774 1992 eius
818 1923 1070 1991 numeri
1118 1948 1197 1989 ex
1245 1923 1650 2010 undevigiuti
1696 1922 2038 1990 Hannonis
2092 1925 2323 1991 diebus
2380 1925 2491 2010 qui
2548 1925 2718 1990 inter
2765 1923 3011 1990 Cernen
3059 1925 3151 1990 in-

638 2035 844 2099 sulam
909 2038 974 2098 et
1038 2031 1317 2116 Hesperi
1383 2030 1909 2116 promunturium
1973 2031 2381 2097 intercedunt
2447 2032 2766 2119 originem
2833 2032 3152 2115 duxerint,

632 2140 821 2207 Atlas
859 2139 1296 2206 meridionalis
1343 2162 1422 2203 ex
1461 2138 1554 2204 eis
1594 2138 1705 2224 qui
1750 2141 2099 2225 θαλάσσης
2145 2139 2482 2228 ἀμετρήτῳ
2528 2142 2812 2225 χάσματι
2857 2140 3153 2205 adiacent

636 2248 985 2314 montibus.
1068 2246 1261 2311 Haud
1297 2245 1581 2311 absimili
1618 2268 1769 2311 vero
1809 2245 2000 2312 modo
2037 2268 2119 2312 ne
2157 2246 2496 2312 mediocris
2544 2246 2804 2331 quidem
2848 2247 2963 2312 lux
3009 2246 3146 2311 red-

636 2355 837 2420 undat
883 2377 963 2419 ex
1010 2354 1103 2420 eis
1150 2376 1314 2438 quae
1361 2376 1556 2438 porro
1603 2352 1914 2440 leguntur
1960 2353 2140 2438 apud'
2181 2354 2454 2420 eundem
2489 2354 2774 2419 Plinium
2812 2352 2935 2441 (VI
2976 2353 3152 2441 199),

637 2484 716 2525 ex
742 2461 1062 2545 Hesperio
1093 2460 1239 2524 inde
1269 2460 1722 2544 promunturio
1753 2459 2037 2544 primum
2066 2459 2498 2549 circumagere
2526 2466 2842 2527 terrarum
2869 2463 3153 2526 frontem

634 2568 705 2633 in
752 2590 1046 2633 oceasum
1092 2590 1167 2632 ac
1211 2590 1386 2632 mare
1432 2566 1862 2651 Atlanticum,
1918 2566 1983 2631 id
2030 2567 2202 2651 quod
2259 2590 2337 2632 ex
2395 2568 2615 2632 eadem
2669 2568 2781 2632 illa
2828 2590 3026 2652 prava
3074 2567 3151 2633 de

636 2676 884 2760 Libyae
931 2675 1061 2741 oris
1108 2673 1413 2758 opinione
1461 2672 1804 2739 oriundum
1861 2696 1999 2739 esse
2046 2677 2245 2759 patet.
2337 2675 2633 2760 Denique
2685 2675 3155 2741 incredibiliter

637 2782 925 2848 omnium
979 2804 1196 2847 rerum
1251 2780 1541 2846 confusio
1608 2781 1966 2868 adaugetur
2021 2781 2114 2846 eis
2171 2805 2334 2866 quae
2400 2782 2881 2867 subsequuntur
2933 2781 3153 2847 verbis

635 2890 705 2978 (ξ
743 2888 922 2977 200),
970 2890 1209 2974 quibus
1254 2888 1583 2975 Gorgades
1630 2888 1877 2954 insulae
1926 2894 2349 2973 opponuntur
2384 2889 2662 2973 Hesperi
2701 2889 2942 2975 cornui,
2991 2912 3156 2974 quae

636 3020 857 3063 revera
913 2997 1214 3062 obiacent
1260 2999 1491 3061 Νότου
1536 2992 1778 3081 κέρατι.
1870 2995 2280 3080 Quantopere
2338 2995 2554 3060 omnia
2597 2996 2701 3060 vel
2762 2996 3007 3062 incerta
3051 3019 3155 3061 va-

637 3105 859 3179 cillent
912 3103 1016 3168 vel
1072 3103 1346 3168 obscura
1399 3101 1671 3187 lateant,
1726 3100 1870 3186 ipse
1917 3102 2169 3167 Plinius
2221 3102 2467 3187 optime
2516 3103 2953 3187 persentiscit,
3009 3126 3156 3168 cum

637 3211 808 3277 dicat
853 3209 923 3299 (ξ
969 3207 1155 3297 201);
1221 3209 1528 3293 ‘adeoque
1587 3209 1801 3274 omnia
1850 3209 2016 3275 eirca
2069 3210 2194 3275 hoc
2249 3208 2493 3276 incerta
2547 3214 2724 3295 sunt,
2780 3214 2853 3274 ut
2908 3209 3159 3275 Statius

638 3318 922 3384 Sebosus
968 3340 1006 3380 a
1053 3316 1429 3403 Gorgonum
1485 3316 1714 3381 insulis
1776 3316 2347 3403 praenavigatione
2400 3316 2692 3382 Atlantis
2747 3317 2994 3382 dierum
3039 3317 3154 3382 XL

638 3424 719 3489 ad
754 3423 1188 3507 Hesperidum
1227 3423 1470 3488 insulas
1517 3424 1896 3509 prodiderit,
1942 3425 2025 3488 ab
2073 3424 2177 3488 his
2222 3424 2302 3488 ad
2338 3424 2637 3510 Hesperu
2676 3424 2869 3490 Ceras
2920 3424 3153 3490 unius'.

637 3531 952 3596 Plinianis
1017 3534 1233 3595 autem
1297 3519 1592 3614 apprime
1658 3529 2076 3615 conveniunt,
2141 3553 2303 3615 quae
2351 3531 2609 3597 Solinus
2657 3532 2835 3620 (229.
2883 3535 3015 3598 230
3034 3529 3155 3618 M.)

637 3637 929 3704 tradidit:
991 3637 1144 3703 novi
1198 3637 1347 3702 inde
1401 3638 1496 3702 nil
1562 3638 1892 3724 discimus3
1955 3661 2107 3703 nam
2170 3638 2328 3703 satis
2383 3639 2616 3704 habuit
2672 3638 2930 3705 Solinus
2988 3662 3151 3724 quae

637 3745 811 3830 apud
856 3744 1141 3810 Plinium
1187 3745 1584 3829 inveniebat,
1641 3746 2004 3811 exscribere
2061 3750 2126 3810 et
2186 3751 2498 3831 quantum
2547 3746 2684 3811 eius
2730 3747 2870 3812 fieri
2917 3748 3156 3831 potuit,

639 3853 847 3938 magis
894 3853 1090 3918 etiam
1137 3853 1523 3918 confundere
1572 3857 1637 3918 et
1674 3855 1955 3918 turbare.
2036 3852 2265 3938 Neque
2304 3853 2528 3917 mitius
2575 3852 2882 3917 iudicium
2930 3857 3029 3917 est
3077 3854 3153 3917 de

637 3959 1000 4044 Pomponio
1038 3958 1209 4024 Mela
1254 3958 1362 4047 (cf.
1399 3958 1495 4024 III
1533 3958 1890 4047 94—100).
1971 3960 2267 4045 Denique
2306 3959 2462 4044 quid
2508 3982 2673 4044 opus
2722 3965 2836 4046 est,
2882 3960 3154 4026 Diodori

639 4065 762 4155 (III
799 4070 910 4150 68)
950 4071 1437 4151 ceterorumque
1475 4069 2005 4154 mythologorum
2041 4070 2330 4131 monstra
2366 4067 2637 4132 afferre?
2683 4067 2913 4132 Restat
2950 4059 3155 4153 igitur

638 4197 805 4240 unus
850 4174 1285 4239 Ptolemaeus:
1339 4178 1626 4240 attamen
1668 4198 1753 4239 ne
1799 4174 1856 4239 is
1904 4174 2162 4259 quidem
2208 4177 2465 4257 praeter
2520 4197 2777 4240 omnem
2824 4179 3151 4260 exspecta·
3192 4250 3197 4254 .

637 4282 883 4348 tionem
942 4281 1479 4366 praestantiorem
1544 4303 1611 4345 se
1668 4281 1941 4365 praebet
1995 4280 2287 4365 reliquis:
2352 4285 2426 4346 ut
2481 4280 2653 4345 enim
2712 4281 2840 4345 alia
2892 4282 3151 4347 mittam

639 4390 1079 4475 explodendae
1145 4387 1284 4452 eius
1356 4387 1728 4452 auctoritati
1792 4387 2049 4474 idonea,
2121 4410 2249 4452 uno
2314 4391 2462 4453 utar
2535 4393 2946 4475 argumentO,
3020 4412 3150 4474 quo

639 4498 849 4563 omnis
898 4495 1188 4582 quaestio
1245 4494 1652 4559 discernitur:
1718 4493 1907 4578 ponit
1951 4494 2223 4560 Daradjs
2277 4493 2457 4559 fluvii
2514 4494 2755 4560 ostium
2801 4494 2925 4584 (IV
2971 4498 3029 4581 6,
3077 4495 3152 4584 2)

638 4605 760 4670 sub
813 4603 924 4670 15⁰
970 4600 1145 4690 (cum
1201 4624 1421 4666 revera
1477 4606 1662 4666 exeat
1719 4603 1843 4667 sub
1892 4598 2060 4688 28⁰):
2127 4601 2275 4665 dein
2330 4602 2478 4667 inde
2524 4603 2608 4667 ab
2660 4601 2772 4668 110
2816 4603 3151 4669 meridiem
