3467 5334
545 376 633 442 60
1669 378 1855 448 Caput
1891 379 1931 433 I.

546 563 936 626 quamquam
984 540 1427 625 unusquisque
1474 540 1829 606 insolenter
1874 542 1940 606 id
1986 540 2321 627 gloriatur,
2366 562 2593 624 reapse
2639 544 2858 604 tamen
2912 561 3058 604 con-

542 648 698 736 tigit
732 649 994 734 nemini,
1041 653 1113 713 ut
1160 648 1437 713 insulam
1482 648 1797 732 reperiret
1843 648 2236 712 Hannoneae
2286 669 2553 732 prorsus
2598 646 2892 732 similem,
2937 669 3057 711 nec

541 755 675 820 ulla
737 779 888 840 spes
935 760 1062 842 est,
1123 757 1261 820 fore
1315 760 1391 820 ut
1446 755 1826 820 inveniatur.
1918 755 2063 842 Ego
2119 760 2291 821 certe
2355 756 2476 820 hac
2541 755 2800 839 quidem
2864 754 2932 818 in
2985 775 3054 817 re

544 867 723 927 totus
751 864 1091 928 subscribo
1129 862 1222 927 eis
1260 885 1421 947 quae
1451 861 1719 926 Trevius
1757 860 1826 950 (l.
1864 861 1904 925 l.
1944 885 2006 946 p.
2045 859 2163 948 41)
2201 862 2448 945 posuit:
2495 861 2696 927 ‘C'est
2733 860 3055 925 d'ailleurs

539 969 907 1035 vainement
972 993 1096 1055 que
1152 971 1280 1034 l'on
1333 968 1805 1034 rechercherait
1851 991 1956 1033 ces
2002 969 2324 1033 accidents
2370 969 2529 1033 dans
2586 967 2698 1032 des
2743 968 3054 1033 estuaires

542 1076 653 1159 qui
690 1080 915 1160 meme,
962 1076 1191 1162 depuis
1231 1077 1340 1141 des
1377 1081 1592 1160 temps
1629 1098 1760 1159 peu
1798 1075 2105 1162 eloign6S,
2152 1080 2300 1142 sont
2339 1075 2620 1140 devenus
2664 1075 3055 1140 meconnais-

541 1183 771 1248 sables.
864 1184 1133 1268 D’apres
1178 1184 1544 1267 Matthews,
1609 1182 1734 1248 cite
1783 1206 1903 1267 par
1946 1183 2162 1249 Elisee
2207 1183 2470 1269 Reclus,
2517 1206 2603 1249 on
2657 1183 3055 1248 observerait

542 1314 653 1355 sur
697 1291 761 1354 13
806 1296 950 1356 cote
998 1292 1075 1356 de
1114 1291 1580 1357 Sierra-Leone
1619 1291 1697 1355 de
1743 1291 2104 1356 nombreux
2142 1291 2384 1356 indices
2431 1291 2923 1355 d’affaissement
2970 1290 3055 1354 du

546 1398 661 1462 sol.
735 1398 1156 1464 D’anciennes
1193 1400 1312 1464 iles
1359 1399 1436 1463 de
1483 1397 1807 1462 l'estuaire
1845 1398 1956 1462 des
1993 1396 2241 1463 Scaries
2278 1420 2345 1461 se
2383 1397 2820 1462 trouveraient
2857 1397 3054 1462 main-

542 1509 769 1570 tenant
814 1506 1135 1592 changees
1181 1528 1262 1570 en
1308 1506 1507 1570 bancs
1554 1505 1632 1569 de
1670 1504 1851 1569 sable
1898 1525 2048 1568 sous
2087 1508 2313 1587 quatre
2351 1507 2589 1569 metres
2635 1505 2839 1590 d'eau3
2885 1505 3055 1570 l’em-

542 1612 907 1695 placement
953 1614 1100 1677 d'un
1146 1615 1278 1678 fort
1326 1612 1465 1677 bati
1513 1634 1632 1695 par
1676 1611 1772 1675 les
1814 1610 2183 1697 'PortugaiS,
2230 1614 2268 1675 3.
2315 1611 2426 1675 dix
2470 1612 2598 1675 km.
2646 1611 2724 1675 de
2784 1611 2849 1676 la
2902 1611 3055 1697 rive,

542 1719 700 1785 dans
745 1719 1066 1785 l’estuaire
1114 1720 1191 1784 de
1246 1720 1310 1783 13
1364 1718 1595 1783 riviere
1652 1718 1729 1781 de
1776 1716 2267 1803 Sierra-Leone,
2322 1741 2389 1783 se
2450 1718 2645 1783 serait
2701 1720 2969 1806 enfonce
3016 1724 3055 1784 a

542 1826 865 1910 plusieurs
920 1828 1158 1890 metres
1213 1848 1366 1891 sous
1417 1826 1511 1891 les
1568 1824 1790 1889 eauxl’
1855 1824 1950 1890 Ut
1993 1825 2237 1919 videaS,
2294 1847 2420 1910 quo
2469 1825 2943 1912 perveniamus,
2999 1827 3054 1891 si

539 1932 667 1997 isto
714 1936 970 1997 tantum
1016 1939 1398 2019 argumento
1445 1932 1756 2019 nitamur,
1819 1931 2002 2017 quasi
2049 1932 2118 1997 in
2163 1933 2443 1998 transitu
2489 1956 2718 1998 moneo
2728 1985 2747 2019 ,
2806 1934 3053 2018 optime

545 2062 623 2104 ex
688 2040 1016 2105 hodiernis
1089 2040 1318 2106 insulis
1381 2041 1775 2106 Hannoneae
1848 2040 2235 2125 respondere
2306 2064 2469 2126 quae
2540 2063 2711 2106 nunc
2784 2042 3054 2107 audiunt

544 2149 633 2214 Is.
689 2151 763 2213 de
806 2148 958 2233 Los,
1016 2170 1174 2232 quas
1229 2148 1406 2213 111000
1462 2148 1761 2234 depingit
1807 2149 1904 2214 the
1951 2149 2181 2230 Africa
2216 2150 2401 2232 pilot:
2467 2148 2486 2177 ³
2504 2149 2773 2213 Tamara
2828 2149 3054 2235 island,

539 2256 652 2320 the
690 2259 1140 2320 westernmost
1188 2256 1315 2320 and
1359 2256 1604 2341 largest
1650 2256 1725 2319 of
1764 2255 1876 2319 the
1922 2278 2153 2342 group,
2201 2308 2214 2320 .
2254 2307 2269 2321 .
2310 2307 2325 2321 .
2370 2256 2429 2321 is
2472 2256 2722 2341 thickly
2769 2258 3053 2343 wooded,

539 2363 581 2427 5
627 2362 814 2427 miles
857 2363 1018 2448 long
1077 2363 1202 2427 and
1247 2364 1451 2428 about
1497 2386 1534 2426 a
1578 2363 1732 2426 mile
1779 2362 1849 2427 in
1895 2363 2197 2449 breadth,
2252 2364 2340 2427 its
2394 2365 2628 2428 curved
2682 2365 2851 2429 form
2896 2365 3054 2429 adds

536 2471 604 2532 to
645 2469 758 2533 the
798 2469 1039 2533 shelter
1076 2469 1129 2533 it
1167 2469 1403 2534 affords
1440 2474 1509 2534 to
1548 2469 1661 2533 the
1697 2470 2061 2556 anchorage
2101 2492 2186 2534 on
2221 2470 2334 2534 the
2373 2475 2511 2535 east
2549 2471 2701 2536 side.
2773 2471 3052 2556 Factory

539 2575 764 2660 island,
809 2576 922 2640 the
971 2579 1397 2641 easternmost
1444 2577 1518 2641 of
1555 2576 1668 2640 the
1717 2598 1926 2663 group
1975 2576 2032 2641 is
2078 2575 2191 2661 4¹s2
2238 2578 2424 2642 miles
2470 2579 2540 2643 in
2578 2579 2852 2665 length.
2884 2630 2897 2643 .
2927 2578 3052 2642 and

538 2682 607 2746 in
653 2705 828 2747 some
876 2683 1092 2767 places
1146 2687 1264 2748 not
1327 2705 1504 2748 more
1550 2683 1711 2747 than
1759 2706 1796 2746 a
1844 2687 2105 2768 quarter
2160 2685 2233 2749 of
2285 2708 2323 2748 a
2378 2685 2530 2749 mile
2590 2707 2830 2771 across,
2895 2685 2949 2750 it
2996 2686 3052 2750 is

538 2812 812 2855 concave
869 2813 954 2855 on
998 2791 1086 2856 its
1132 2796 1409 2857 western
1465 2790 1616 2874 side,
1671 2790 1799 2855 and
1858 2792 2057 2856 forms
2112 2793 2225 2856 the
2273 2797 2528 2857 eastern
2590 2792 2762 2857 limit
2817 2794 2892 2857 of
2938 2794 3050 2857 the

538 2899 916 2985 anchorage.
996 2898 1246 2964 Rooma
1282 2922 1356 2964 or
1395 2898 1724 2964 Crawford
1761 2899 1971 2963 island
2015 2900 2072 2964 is
2120 2901 2325 2964 about
2370 2923 2409 2963 a
2453 2901 2605 2965 mile
2651 2901 2810 2987 long
2855 2901 2924 2964 in
2968 2925 3051 2966 an

537 3010 677 3070 east
722 3005 849 3070 and
886 3010 1048 3071 west
1093 3006 1408 3072 direction
1443 3006 1570 3070 and
1615 3005 1736 3070 lies
1782 3007 2006 3091 nearly
2053 3006 2122 3071 in
2159 3008 2271 3072 the
2309 3008 2547 3073 middle
2586 3009 2660 3074 of
2698 3009 2812 3073 the
2858 3030 3051 3094 space

538 3113 837 3177 enclosed
884 3113 974 3197 by
1020 3113 1291 3178 Tamara
1335 3114 1460 3179 and
1504 3112 1786 3198 Factory
1833 3113 2116 3178 islands’.
2196 3113 2399 3199 Adde,
2447 3116 2619 3200 quod
2665 3137 2704 3179 a
2749 3137 3051 3199 promun-

537 3220 710 3286 turio
769 3222 961 3287 Verde
1014 3226 1309 3286 accurate
1357 3225 1393 3287 7
1445 3222 1580 3286 dies
1637 3222 1883 3286 distant
1938 3222 2060 3286 hae
2115 3222 2394 3286 insulae:
2460 3222 2678 3307 itaque
2726 3222 2782 3287 si
2828 3223 3050 3288 eadem

536 3327 641 3391 via
687 3328 991 3414 progredi
1037 3329 1271 3393 vellem
1319 3351 1445 3414 qua
1491 3329 1706 3414 ceteri,
1754 3328 2153 3394 tutissimum
2197 3329 2525 3413 haberem,
2573 3351 2700 3413 quo
2747 3352 2850 3393 me
2896 3330 3050 3394 reci-

536 3457 782 3521 perem,
846 3435 1188 3522 refugium.
1290 3434 1416 3501 Sed
1479 3436 1629 3501 nolo
1695 3437 1789 3502 ita
1849 3436 2161 3522 argutari!
2244 3435 2577 3501 Accedunt
2642 3440 2860 3500 autem
2924 3437 3049 3501 duo

538 3541 776 3626 quibus
821 3542 1251 3607 recentiorum
1288 3543 1643 3608 sententiae
1689 3543 2130 3629 infringantur
2175 3547 2587 3629 argumenta:
2634 3564 2708 3609 ac
2755 3543 2832 3609 de
2879 3526 3051 3609 men-

535 3647 702 3713 suris
760 3648 1019 3733 quidem
1065 3649 1228 3734 ipsis
1285 3654 1684 3734 quantopere
1731 3649 2035 3715 recedant
2090 3651 2174 3715 ab
2222 3650 2624 3734 HannoneiS,
2681 3650 2837 3735 quid
2882 3673 3050 3735 opus

535 3760 634 3820 est
688 3756 894 3821 multa
946 3758 1146 3830 verba
1199 3757 1435 3842 facere,
1500 3779 1646 3821 cum
1708 3755 1840 3841 ipsi
1898 3757 2009 3840 qui
2063 3780 2287 3822 verum
2342 3758 2630 3822 fatentur
2690 3756 2812 3821 viri
2878 3758 3050 3824 docti

539 4002 950 4072 Kannegiesser
987 4005 1079 4074 (cf.
1111 4005 1306 4060 Ersch.
1336 4009 1386 4059 et
1411 4004 1582 4060 Grub.
1613 4006 1816 4076 encycl.
1857 4024 1912 4074 p.
1946 4005 2098 4075 180),
2135 4002 2373 4058 Mueller
2410 4006 2486 4072 (p.
2520 4007 2625 4073 13),
2665 4002 2938 4060 Vivienus
2978 4005 3047 4060 de

533 4092 613 4147 st.
636 4090 848 4146 Mai-tin
875 4096 952 4162 (p.
983 4095 1126 4160 332),
1163 4092 1398 4148 Meltzer
1427 4096 1500 4163 (p.
1518 4096 1662 4164 245),
1699 4093 2151 4149 Paulitzschkius
2182 4097 2258 4161 (Ρ.
2279 4094 2386 4163 11),
2424 4093 2757 4163 Bunburyus
2797 4098 2870 4164 (p.
2903 4097 3046 4165 326),

532 4180 765 4236 ‘l'revius
785 4182 860 4252 (p.
877 4183 985 4251 41),
1006 4180 1106 4236 alii
1125 4198 1225 4251 pro
1246 4182 1384 4238 Noti
1395 4182 1578 4238 Cornu
1597 4182 1918 4237 habuerunt
1935 4182 2203 4237 Sherboro
2222 4181 2423 4239 sinum.
2461 4183 2683 4237 Robiou
2700 4179 2761 4252 (Ι.
2782 4183 2818 4238 1.
2841 4201 2894 4253 Ρ.
2915 4188 3041 4253 210)

516 4258 607 4325 'ad
646 4273 1030 4340 Monroviam,
1083 4273 1342 4328 Liberiae
1392 4272 1680 4344 oppidum,
1727 4271 2219 4341 Carthaginienses
2267 4273 2568 4340 provectos
2618 4288 2740 4327 0000
2786 4272 3046 4328 credidit.

530 4360 860 4416 Mannertus
888 4362 936 4433 (I
956 4367 1007 4430 2,
1036 4381 1090 4432 p.
1122 4363 1216 4432 48)
1254 4364 1313 4416 et
1340 4359 1793 4430 Bougainvillius
1823 4359 1880 4429 (l.
1902 4359 1938 4417 1.
1957 4378 2013 4429 p.
2044 4361 2136 4430 25)
2168 4360 2284 4429 Gap
2311 4361 2480 4416 Three
2503 4361 2703 4416 Points
2737 4361 2888 4415 idem
2924 4379 3048 4417 0000

532 4451 868 4504 censuerunt
905 4452 1076 4518 atque
1111 4450 1404 4505 Hannonis
1441 4445 1635 4503 Νότου
1672 4445 1875 4517 Κέρας.
1953 4449 2208 4518 Denique
2237 4448 2469 4505 Entzius
2504 4451 2565 4520 (1.
2592 4449 2628 4506 1.
2660 4470 2715 4520 p.
2746 4452 2838 4520 47)
2877 4450 3044 4506 meri-

533 4537 819 4593 dionalem
866 4539 1086 4594 itineris
1124 4538 1418 4593 Hannonei
1468 4538 1769 4592 terminum
1818 4553 1939 4593 0000
1988 4537 2333 4595 existimavit
2375 4537 2714 4593 hodiernum
2752 4539 2934 4594 sinum
2973 4540 3044 4595 de

532 4628 743 4696 Benin,
780 4626 902 4682 Mer
930 4629 1008 4697 (p.
1038 4628 1133 4697 53)
1171 4630 1231 4682 et
1268 4625 1665 4682 Scharnickius
1704 4629 1784 4697 (p.
1813 4628 1943 4697 398)
1982 4627 2226 4684 Calabar
2262 4627 2420 4683 fluvii
2457 4627 2684 4693 ostium,
