3467 5334
571 373 660 437 24
1693 371 1876 438 Caput
1911 368 1953 424 I.

570 536 840 602 fiuvium
877 535 1150 600 eundem
1189 557 1326 599 esse
1365 533 1715 618 opinantur
1752 538 1947 618 atque
1983 532 2366 598 hodiernum
2404 532 2528 598 Rio
2565 535 2638 600 de
2671 534 2763 601 St.
2800 535 3078 600 Antonio

571 645 643 709 in
688 645 941 728 Arquin
988 642 1199 707 sinum
1246 642 1709 728 egredientem,
1766 641 2040 705 alterum
2087 639 2199 704 alii
2244 641 2533 705 referunt
2579 641 2661 704 ad
2704 641 3079 726 Seneqalem,

573 750 684 814 alii
758 749 838 813 ad
916 749 1250 815 Gambiam
1268 800 1286 833 ,
1360 771 1507 813 cum
1577 749 1790 814 lacum
1856 748 2287 813 Hannoneum
2349 746 2623 811 Mueller
2694 769 3080 832 componere

573 856 806 921 audeat
852 878 999 920 cum
1043 854 1397 941 Ptolemaei
1444 857 1643 941 λίμνῃ
1680 859 1941 943 Κλονίᾳ
1979 853 2101 942 (IV
2138 857 2197 939 6,
2235 851 2324 941 8).
2404 852 2507 919 Ne
2553 858 2813 939 tempus
2857 860 3082 938 teram,

576 985 782 1047 pauca
826 966 1100 1046 tantum,
1147 982 1308 1045 quae
1355 984 1493 1026 rem
1539 961 1904 1045 decernant,
1948 961 2017 1025 in
2064 960 2274 1026 medio
2322 984 2586 1056 ponam.
2666 961 2959 1027 Primum
3005 985 3080 1027 eo

575 1068 1000 1134 advertendus
1061 1068 1340 1151 animus,
1406 1068 1577 1152 quod
1638 1067 1876 1134 mirum
1940 1072 2253 1152 quantum
2306 1070 2558 1153 Arquin
2620 1068 2830 1134 insula
2886 1069 3083 1135 distat

572 1177 657 1240 ab
706 1175 826 1262 eis,
882 1198 1042 1260 quas
1087 1175 1359 1239 antehac
1406 1174 1971 1262 Carthaginienses
2016 1174 2458 1260 condiderant,
2515 1175 2810 1261 coloniis,
2863 1176 2957 1241 ita
3009 1180 3084 1241 ut

574 1304 766 1349 sanae
829 1281 1067 1346 mentis
1122 1281 1476 1366 imperator
1540 1281 1764 1347 statim
1826 1280 2204 1368 intellegere
2261 1282 2585 1367 debuerit,
2646 1283 2892 1347 nullam
2948 1305 3085 1348 esse

576 1413 786 1475 spem,
840 1390 1006 1474 fore,
1065 1392 1139 1452 ut
1193 1389 1353 1453 urbs
1407 1388 1558 1453 huic
1614 1410 1761 1453 orae
1809 1387 2105 1454 adiacens
2151 1389 2233 1453 ab
2282 1389 2643 1453 accolarum
2688 1389 2938 1474 impetu
2985 1390 3085 1454 de-

575 1497 751 1562 fendi
799 1501 864 1561 et
910 1495 1215 1561 diuturna
1267 1519 1525 1561 manere
1572 1496 1782 1580 possit
1796 1493 1865 1581 1).
1946 1495 2117 1560 Dein
2159 1496 2413 1579 Arquin
2457 1496 2603 1580 ipsa
2646 1495 3089 1562 infelicissima

577 1626 913 1669 arenarum
985 1603 1201 1668 taenia
1264 1608 1362 1670 est
1375 1601 1428 1690 2)
1491 1624 1702 1687 neque
1768 1602 1836 1667 id
1900 1606 2148 1667 certum
2165 1653 2184 1688 ,
2255 1625 2411 1668 num
2475 1603 2813 1669 Hannonis
2878 1607 3087 1668 aetate

575 1712 705 1776 iam
798 1711 1123 1775 exstiterit
1134 1708 1206 1795 3).
1340 1709 1479 1775 Nec
1566 1732 1700 1775 non
1781 1709 1929 1774 inde
2012 1709 2173 1774 mihi
2254 1708 2519 1774 inicitur
2601 1711 2943 1795 scrupulus
3024 1715 3089 1775 et

580 1817 891 1902 quaedam
964 1817 1315 1901 dubitatio,
1391 1817 1561 1902 quod
1632 1817 1757 1883 Rio
1830 1819 1902 1882 de
1964 1816 2055 1883 St.
2119 1817 2396 1883 Antonio
2470 1839 2549 1881 ex
2621 1818 3090 1883 recentioribus

577 1925 836 2009 mappis
919 1928 985 1989 et
1067 1923 1415 1989 itinerariis
1496 1924 1689 2009 plane
1764 1923 2060 1989 evanuit:
2142 1923 2277 2008 ‘J'ai
2347 1923 2543 2010 longe
2557 1923 2595 2009 ',
2667 1924 2880 2009 inquit
2952 1925 3094 1990 Mer

576 2057 639 2117 p.
681 2034 827 2117 143,
884 2032 979 2095 ‘la
1025 2036 1168 2097 cote
1216 2031 1292 2095 de
1339 2035 1473 2096 tres
1518 2035 1695 2116 pres,
1743 2032 1828 2097 du
1875 2054 1993 2116 cap
2040 2031 2300 2096 Hiwick
2344 2053 2426 2096 au
2474 2053 2591 2116 cap
2640 2032 2893 2116 Mirick,
2939 2055 3088 2098 sans

577 2138 757 2204 avoir
801 2162 886 2204 vu
933 2161 1176 2204 aucune
1224 2143 1397 2204 trace
1454 2139 1530 2204 de
1579 2161 1768 2204 cours
1816 2139 2038 2204 d’eau'.
2126 2137 2264 2203 Iam
2311 2161 2461 2202 vero
2513 2138 2684 2223 quod
2731 2140 2965 2204 attinet
3012 2140 3091 2205 ad

576 2246 790 2312 lacum
844 2245 1183 2311 Hannonis
1250 2246 1652 2331 alterumque
1706 2246 2005 2330 fluvium,
2069 2244 2308 2311 sufficit
2363 2245 2433 2310 in
2487 2246 2863 2311 memoriam
2916 2269 3091 2311 revo-

580 2375 757 2418 casse
801 2352 1056 2437 lectori,
1119 2374 1281 2436 quae
1331 2375 1526 2437 supra
1582 2356 1807 2417 contra
1850 2351 2198 2417 Vivienum
2254 2351 2331 2417 de
2379 2352 2469 2418 St.
2507 2352 2751 2418 Martin
2804 2353 3093 2438 aliosque

580 2460 834 2525 monui:
881 2458 1140 2524 eaedem
1178 2458 1349 2523 enim
1387 2459 1801 2524 difficultates
1839 2457 2152 2524 Muellero
2192 2457 2458 2543 eiusque
2506 2460 2766 2525 asseclis
2812 2461 3096 2546 obstant,

580 2560 706 2633 nisi
756 2567 930 2652 quod
983 2566 1188 2631 multo
1236 2567 1445 2653 magis
1506 2567 1703 2631 etiam
1752 2567 2091 2651 desperata
2144 2588 2248 2631 res
2291 2567 2368 2630 fit
2414 2571 2609 2651 atque
2656 2566 2985 2651 intricata,
3040 2568 3095 2632 si

581 2675 968 2739 Hannonem
1005 2678 1378 2759 penetrasse
1417 2697 1750 2740 censemus
1788 2675 1870 2739 ad
1905 2675 2208 2739 Κλονίαν
2252 2677 2518 2759 λίμνην,
2569 2697 2731 2759 quae
2770 2698 2850 2740 ex
2886 2675 3096 2741 Ptole-

581 2781 750 2846 maei
807 2780 1174 2846 rationibus
1219 2783 1262 2846 4
1307 2781 1487 2863 milia
1533 2781 1891 2847 stadiorum
1937 2803 1975 2845 a
2019 2779 2217 2845 maris
2263 2781 2454 2847 litore
2501 2782 2706 2846 abest.
2800 2782 3126 2867 Denique*

581 2889 756 2953 haud
820 2887 952 2953 scio
971 2940 990 2973 ,
1063 2912 1145 2953 an
1210 2889 1350 2954 ioco
1418 2893 1639 2954 utatur
1701 2888 1976 2953 Mueller
1994 2937 2012 2971 ,
2079 2887 2190 2971 qui
2255 2891 2388 2953 tres
2451 2888 2790 2953 Hannonis
2855 2889 3098 2955 insulas

582 2994 946 3079 repperisse
1002 2994 1132 3059 sibi
1176 2995 1353 3061 visus
1410 3000 1509 3060 est
1554 2996 1624 3060 in
1671 2995 1790 3079 eis,
1847 3016 2009 3079 quae
2056 2997 2311 3079 Arquin
2358 2992 2572 3059 sinum
2616 2995 2921 3081 implent,
2978 2996 3101 3060 etsi

582 3106 750 3168 teste
796 3100 1001 3166 Merio
1049 3100 1197 3189 (1.1.
1243 3126 1307 3186 p.
1350 3100 1508 3189 142)
1574 3104 1668 3167 ‘ce
1731 3103 1895 3169 n'est
1959 3123 2079 3186 pas
2142 3101 2500 3166 seulement
2564 3101 2731 3167 trois
2789 3102 2910 3169 iles
2976 3125 3098 3187 que

585 3210 873 3275 contient
916 3208 982 3273 la
1028 3208 1174 3273 baie
1223 3209 1299 3273 de
1338 3209 1427 3274 St.
1465 3210 1648 3294 Jean,
1695 3210 1859 3275 mais
1898 3209 2051 3274 bien
2099 3231 2275 3294 onze,
2321 3212 2539 3274 toutes
2586 3212 2718 3274 tres
2764 3210 2986 3274 basses
3032 3214 3099 3274 et

586 3317 825 3382 situees
870 3319 910 3381 a
963 3338 1088 3380 une
1149 3315 1300 3381 telle
1359 3316 1643 3382 distance
1692 3318 1769 3382 de
1815 3316 2081 3381 l'accore
2129 3316 2215 3383 du
2262 3317 2455 3400 banc,
2517 3315 2672 3400 qu'il
2718 3321 2816 3381 est
2863 3317 3099 3402 impos-

588 3423 751 3488 sible
791 3423 868 3487 de
904 3422 1001 3487 les
1037 3423 1451 3507 apercevoir'.
1526 3424 1758 3490 Facete
1798 3424 1970 3489 enim
2006 3424 2099 3489 ita
2135 3422 2451 3508 loquitur:
2491 3423 2791 3491 ‘Obstare
2830 3424 3104 3508 videtur,

589 3531 763 3615 quod
796 3530 1032 3595 Hanno
1070 3553 1189 3614 per
1225 3552 1534 3616 magnum
1571 3531 1841 3596 fluvium
1876 3531 2190 3618 navigans
2228 3530 2308 3594 ad
2346 3553 2454 3595 eas
2489 3531 2801 3615 pervenit.
2856 3531 3101 3597 Verum

589 3660 735 3701 cum
781 3636 1023 3702 multae
1079 3637 1148 3700 in
1193 3637 1318 3701 hoc
1364 3636 1509 3702 sinu
1558 3638 1686 3703 sint
1733 3661 2071 3704 arenarum
2117 3637 2394 3722 taeniae,
2456 3659 2618 3722 quae
2666 3638 2812 3703 aliis
2855 3643 3103 3724 tempo-

589 3744 774 3809 ribus
819 3743 981 3809 aliae
1038 3767 1174 3809 esse
1232 3743 1440 3808 solent
1496 3745 1577 3808 ad
1632 3745 1799 3810 ostia
1852 3744 2236 3830 praesertim
2293 3767 2678 3832 magnorum
2735 3745 3104 3811 fluviorum:

590 3851 1024 3936 probabiliter
1070 3855 1351 3916 statuere
1397 3851 1577 3938 licet,
1631 3875 1857 3917 arenas
1918 3852 2074 3918 olim
2129 3857 2385 3937 partem
2440 3851 2620 3917 sinus
2667 3853 2888 3947 paullo
2935 3853 3104 3919 infra

534 4088 543 4095 Ι
593 4135 627 4172 a
671 4116 969 4172 Monteilo:
1027 4124 1174 4174 carte
1230 4119 1323 4174 des
1376 4120 1532 4174 etabl.
1589 4119 1771 4186 franc.
1825 4117 1905 4172 du
1950 4116 2182 4186 Se‘ne'yal
2229 4123 2381 4172 1886.
2467 4118 2582 4204 (οἱ,
2605 4118 3100 4189 Francogallorum

594 4209 850 4261 chartam
886 4207 1226 4261 maritimam
1261 4206 1331 4263 N.
1363 4213 1465 4263 297
1504 4209 1583 4263 du
1619 4223 1721 4277 cap
1760 4207 1946 4261 Blanc
1981 4222 2058 4259 au
2095 4221 2214 4276 cap.
2264 4207 2430 4277 Vert).

781 4316 833 4384 1)
873 4314 944 4369 cf.
975 4315 1148 4370 Goetz
1183 4333 1237 4385 p.
1270 4320 1392 4369 274.

773 4424 826 4490 2)
864 4421 933 4477 cf.
972 4422 1091 4476 Mer
1125 4440 1180 4491 p.
1211 4428 1299 4476 36.
1360 4422 1532 4477 ‘cette
1568 4419 1647 4474 ile
1683 4418 1831 4473 n'est
1867 4435 1938 4473 en
1974 4418 2175 4475 realite
2214 4421 2384 4491 qu’un
2420 4420 2567 4477 banc
2607 4422 2677 4477 de
2716 4422 2903 4491 sable,
2942 4422 3104 4492 place

597 4527 670 4564 au
705 4509 902 4564 milien
940 4511 1181 4566 d'autres
1220 4510 1502 4565 bancs'de
1538 4511 1722 4564 meme
1759 4509 1997 4564 nature?

775 4619 831 4688 3)
870 4616 939 4672 cf.
976 4619 1176 4673 Fitzau
1211 4636 1267 4687 p.
1296 4622 1419 4673 240.
