3467 5334
516 403 603 468 94
1625 403 1807 475 Caput
1844 400 1911 460 II.

517 566 632 654 est,
672 568 844 653 quod
878 567 1171 656 neglexit
1208 572 1457 633 mutata
1495 564 1927 655 agriculturae
1967 573 2031 633 et
2070 567 2422 634 industriae
2460 566 2709 635 ratione
2739 564 3029 635 omnium

516 676 832 741 malorum
897 698 1154 742 causam
1216 696 1504 742 resecare
1570 681 1634 742 et
1706 700 2087 763 praecavere
2169 700 2251 741 ne
2327 678 2549 741 eadem
2623 676 3029 742 incommoda

515 789 942 850 recurrerent:
991 808 1118 870 quo
1165 786 1425 869 factum,
1473 790 1544 849 ut
1592 785 1852 870 saepius
1899 785 2165 849 eandem
2215 784 2511 849 medendi
2547 784 2720 849 viam
2756 781 3032 870 ingressi

515 891 969 974 pauperiorem
1023 893 1253 976 populi
1308 896 1561 976 partem
1617 892 1774 981 (etsi
1828 915 1961 957 non
2007 896 2282 975 tantam,
2340 895 2647 975 quantam
2693 889 3034 955 Hannonis

520 994 707 1084 aevo)
754 998 822 1062 in
868 999 1151 1065 colonias
1198 1000 1585 1064 emitterent.

697 1105 822 1171 Sed
869 1107 1020 1171 dum
1065 1107 1136 1171 in
1180 1108 1304 1171 hoc
1350 1129 1583 1190 moror,
1630 1129 1835 1191 paene
1884 1106 2129 1171 oblitus
2178 1128 2321 1170 sum
2367 1105 2746 1192 gravissima
2793 1104 3032 1188 quibus

517 1212 642 1276 alia
700 1236 955 1298 quoque
1012 1237 1139 1279 una
1195 1215 1612 1298 assequimur.
1705 1213 2034 1279 Nimirum
2089 1212 2259 1275 idem
2305 1211 2621 1297 IustinUS,
2678 1211 2780 1276 cui
2827 1211 3035 1274 multa

516 1319 644 1382 iam
709 1310 971 1407 egregia
1036 1321 1344 1384 debemus
1352 1371 1370 1404 ,
1435 1321 1527 1386 eis
1594 1343 1757 1406 quae
1823 1343 2021 1404 supra
2085 1319 2542 1402 exscripsimus
2602 1318 2820 1384 verbis
2874 1318 3034 1382 haec

518 1427 826 1491 adnectit:
868 1427 884 1454 ‘
900 1427 1061 1492 Cum
1096 1427 1344 1491 familia
1380 1431 1564 1491 tanta
1601 1428 2067 1512 imperatorum
2106 1425 2321 1512 gravis
2356 1425 2600 1490 liberae
2637 1425 3034 1510 reipublicae

516 1537 684 1597 esset
736 1534 1077 1618 omniaque
1115 1535 1245 1618 ipsi
1285 1540 1551 1621 agerent
1591 1534 1785 1599 simul
1823 1538 1887 1598 et
1925 1533 2301 1617 iudicarent,
2348 1537 2606 1597 centum
2646 1556 2725 1598 ex
2761 1556 3031 1598 numero

519 1645 888 1706 senatorum
935 1641 1178 1706 iudices
1216 1642 1607 1728 deliguntur,
1655 1643 1767 1726 qui
1806 1641 2078 1706 reversis
2120 1663 2157 1702 a
2195 1640 2368 1714 bello
2408 1640 2682 1705 ducibus
2719 1642 3036 1706 rationem

515 1772 730 1812 rerum
776 1753 1108 1834 gestarum
1155 1750 1509 1836 exigerent,
1557 1756 1630 1815 ut
1677 1751 1800 1816 hoc
1846 1754 2023 1814 metu
2072 1749 2164 1812 ita
2210 1748 2280 1812 in
2327 1748 2500 1813 bello
2548 1748 2822 1832 imperia
2865 1748 3034 1835 cogi-

516 1859 749 1939 tarent,
786 1861 859 1919 ut
890 1857 1061 1921 domi
1090 1856 1328 1921 iudicia
1363 1859 1671 1944 legesque
1699 1858 2098 1942 respicerent
2112 1857 2146 1919 ⁹.
2229 1854 2402 1919 Hinc
2430 1854 2576 1919 elici
2613 1878 2805 1939 posse
2845 1856 3032 1920 credo

517 1985 679 2047 quae
718 1963 831 2026 uni
870 1963 1133 2027 alterive
1176 1964 1472 2028 fortassis
1508 1987 1642 2029 non
1679 1964 2078 2048 displiceant.
2134 1961 2409 2026 Affirmo
2449 1962 2621 2026 enim
2647 1962 3033 2027 Hannonem

514 2068 730 2153 ipsum
776 2071 1059 2155 primum
1106 2071 1324 2156 fuisse,
1372 2070 1483 2155 qui
1531 2071 1610 2135 ex
1658 2071 1887 2136 itinere
1927 2068 2349 2134 audacissimo
2388 2092 2681 2135 reversus
2716 2070 3034 2136 rationem

516 2175 792 2240 reddidit
847 2177 1046 2261 patrii
1103 2178 1330 2262 oppidi
1386 2178 1879 2264 magistratibus
1935 2178 2127 2262 idque
2181 2200 2255 2241 eo
2302 2178 2447 2260 ipso
2497 2200 2689 2261 quem
2736 2178 3037 2242 manibus

516 2287 811 2348 tenemus
856 2285 1129 2368 periplo.
1212 2284 1399 2350 Unde
1437 2285 1722 2369 primum
1761 2285 2109 2370 colligitur,
2157 2284 2410 2369 quando
2451 2285 2563 2349 illa
2600 2285 2694 2349 rei
2733 2284 3035 2368 publicae

519 2389 1069 2477 Carthaginiensis
1118 2392 1448 2456 conversio
1496 2393 1666 2456 facta
1714 2392 1826 2455 sit:
1873 2391 2117 2456 scilicet
2165 2414 2311 2455 cum
2347 2390 2582 2456 Hanno
2630 2397 2696 2456 et
2733 2391 3034 2477 Himilc0,

518 2497 847 2581 principes
929 2498 1029 2561 illi
1110 2498 1393 2562 familiae
1467 2498 1962 2584 Magonidarum
2047 2498 2159 2581 qui
2233 2499 2588 2582 plurimum
2653 2500 3037 2564 auctoritate

516 2606 819 2669 valebant
869 2605 1258 2691 Carthagine
1324 2606 1625 2670 abessent
1682 2604 2208 2689 expeditionibus
2263 2605 2333 2669 in
2388 2607 2777 2693 longinquas
2832 2613 3039 2672 terras

518 2713 836 2796 susceptis
883 2713 1209 2798 occupati,
1261 2735 1335 2776 ea
1382 2713 1876 2798 opportunitate
1923 2713 2277 2777 utebantur
2324 2711 2917 2800 CarthaginienseS,
2963 2719 3038 2778 ut

516 2842 715 2884 novas
779 2843 882 2885 res
942 2820 1324 2885 molirentur
1379 2824 1444 2885 et
1500 2821 1726 2907 iugum
1785 2820 2142 2886 cervicibus
2195 2820 2577 2904 impositum
2634 2826 3034 2906 excuterent3

519 2927 759 2992 etenim
824 2951 968 2993 cum
1034 2927 1409 3012 ceteroquin
1472 2927 1612 2991 bini
1678 2927 1876 2992 annui
1940 2950 2127 3013 reges
2189 2949 2322 2991 non
2389 2950 2467 2992 ex
2523 2929 2746 2993 eodem
2800 2918 3036 3016 genere

520 3039 888 3100 crearentur
925 3036 1315 3122 Carthagine
1355 3034 1463 3122 (cf.
1492 3034 1763 3100 Aristot.
1795 3033 1931 3100 Pol.
1962 3033 2027 3098 Π
2069 3037 2145 3100 11
2178 3057 2239 3118 p.
2266 3036 2480 3101 12726
2502 3037 2574 3122 b,
2615 3059 2733 3121 per
2772 3038 3037 3124 longam

520 3165 834 3208 annorum
890 3143 1121 3208 seriem
1167 3147 1233 3207 et
1280 3165 1507 3229 regum
1554 3146 1619 3206 et
1667 3142 1901 3206 ducum
1947 3141 2326 3206 muneribus
2372 3165 2500 3207 una
2545 3143 2842 3208 fortassis
2889 3166 3036 3208 cum

518 3250 741 3315 amicis
787 3251 1217 3317 Hasdrubalis
1262 3250 1778 3335 Hamilcarisque
1824 3250 1944 3314 filii
1991 3249 2198 3314 functi
2246 3252 2428 3313 erant
2443 3246 2512 3336 1),
2558 3250 2652 3314 ita
2697 3255 2771 3314 ut
2808 3274 3034 3336 reapse

521 3358 763 3422 fuerint
809 3364 1105 3444 βασιλεῖς
1149 3382 1283 3424 11011
1327 3361 1490 3423 κατὰ
1536 3361 1779 3442 νόμον,
1827 3359 1940 3423 sed
1985 3358 2148 3424 κατὰ
2193 3356 2388 3440 γένος
2434 3356 2541 3441 (cf.
2588 3358 2776 3445 Diog.
2823 3359 3034 3424 Laert.

518 3464 611 3530 HI
652 3465 783 3553 82).
876 3468 1082 3544 Quam
1137 3489 1489 3552 paucorum
1526 3466 2051 3550 ⁴dominationem
2107 3464 2216 3528 diu
2263 3465 2392 3529 iam
2436 3465 2692 3530 nobiles
2740 3467 3032 3542 oderant;

520 3579 662 3638 tum
719 3597 863 3639 cum
921 3574 1273 3639 mediocres
1330 3578 1584 3638 tantum
1641 3577 1706 3638 et
1764 3573 2023 3639 obscuri
2077 3572 2379 3658 Magonis
2431 3577 2704 3657 nepotes
2760 3574 2828 3638 in
2875 3575 3035 3638 urbe

519 3682 993 3767 remansissent,
1032 3682 1351 3773 concitata
1388 3680 1822 3765 popularibus
1859 3680 2112 3745 artibus
2147 3680 2342 3764 plebe
2379 3684 2638 3765 tempus
2673 3681 3037 3765 depellendi

521 3811 629 3853 eos
686 3812 719 3853 e
774 3812 976 3875 regno
1031 3812 1165 3854 non
1219 3789 1600 3871 amiserunt,
1654 3788 1749 3852 ita
1802 3793 1876 3853 ut
1931 3788 2165 3853 Hanno
2214 3770 2279 3852 et
2336 3787 2620 3852 Himilco
2669 3811 2749 3852 ex
2805 3789 3036 3854 itinere

520 3897 860 3961 redeuntes
907 3918 1044 3960 rem
1081 3895 1210 3959 iam
1247 3896 1603 3979 perfectam
1639 3894 2018 3959 invenirent.
2102 3894 2268 3959 Dein
2307 3918 2457 3959 vero
2496 3895 2563 3958 id
2601 3896 3037 3983 constituitur,

523 4004 842 4088 quomodo
908 4003 1070 4067 illud
1137 4004 1308 4088 quod
1372 4003 1650 4068 servavit
1712 4003 1976 4068 fortuna
2034 4002 2310 4067 secunda
2368 4002 2823 4068 documentum
2878 4004 3036 4069 acci-

521 4113 831 4196 piendum
878 4111 990 4196 sit,
1037 4133 1164 4195 qua
1210 4112 1287 4175 de
1334 4135 1403 4177 re
1449 4112 1518 4176 in
1565 4110 2030 4176 diversissimas
2076 4114 2296 4194 partes
2341 4133 2380 4173 a
2424 4110 2580 4176 viris
2627 4112 2833 4175 doctis
2870 4111 3037 4176 itum

524 4224 637 4285 est.
728 4219 819 4284 At
865 4218 1160 4304 plerique
1206 4242 1338 4285 non
1385 4219 1541 4284 satis
1589 4223 1774 4282 caute
1819 4218 2212 4302 iudicarunt,
2265 4219 2469 4283 veluti
2513 4219 2811 4303 Mueller,
2860 4219 2972 4304 qui
2984 4216 3038 4306 2)

522 4326 796 4391 ‘summa
840 4326 1094 4391 itineris
1142 4327 1376 4410 capita'
1423 4324 1637 4410 inquit
1680 4324 1771 4388 ein
1809 4324 2121 4389 honorem
2158 4325 2494 4392 Hannonis
2518 4326 2726 4416 titulo
2765 4326 3033 4410 publico

705 4579 756 4644 1)
795 4574 867 4633 cf.
903 4574 1138 4630 Meltzer
1174 4591 1226 4643 p.
1265 4579 1381 4628 192.

703 4669 757 4735 2)
791 4667 993 4736 proleq.
1032 4683 1086 4733 p.
1122 4663 1317 4716 XXIII.
