3467 5334
574 376 655 447 78
1691 370 1877 450 Caput
1911 373 1951 434 I.

563 543 732 611 Dein
787 567 825 610 a
870 541 997 612 Fut
1051 541 1248 611 fluvio
1304 537 1458 633 (30⁰
1494 538 1638 630 30')
1692 539 1763 607 in
1819 536 2043 606 eodem
2097 534 2452 606 meridiano
2509 533 2622 607 30'
2679 535 2877 606 distat
2922 533 3082 605 Her·

561 654 723 719 culis
778 652 1329 738 promunturium:
1384 649 1691 718 distantia
1747 649 1994 734 optime
2051 648 2322 733 quadrat
2377 649 2458 712 ad
2511 648 2896 714 hodiernum
2943 648 3083 714 Ras

562 765 618 827 cl
681 762 872 827 Dura
890 784 911 825 .·
978 760 1074 824 illi
1140 758 1349 844 spatio
1416 756 1483 824 5'
1552 757 1890 823 interiecto
1955 755 2203 820 adiacet
2266 754 2616 841 Tamusiga
2679 755 2867 838 urbS,
2929 753 3081 819 huic

564 868 813 933 viculus
897 867 1009 952 qui
1082 870 1348 932 vocatur
1411 865 1614 948 Sauja
1678 865 1895 930 Mulai
1958 865 2038 928 bu
2103 862 2417 929 Serekiun.
2527 862 2696 926 Dein
2760 861 3081 927 Ussadion

564 974 1088 1060 promunturium
1161 972 1332 1057 apud
1393 971 1839 1036 Ptolemaeum
1911 975 2169 1035 tantum
2241 969 2441 1035 distat
2504 992 2543 1033 a
2606 969 2733 1034 Fut
2795 968 3081 1052 flumine,

566 1088 880 1168 quantum
940 1081 1074 1165 Cap
1131 1081 1267 1147 Sim
1333 1103 1371 1144 a
1431 1075 1760 1164 Tensifffl),
1824 1100 1970 1143 cum
2025 1076 2320 1142 fortassis
2376 1078 2681 1161 Σούριγα
2734 1077 2892 1141 urbs
2948 1098 3081 1140 non

565 1194 854 1255 austrum
929 1209 1153 1253 versus
1227 1186 1596 1252 collocanda
1659 1185 1858 1249 fuerit
1922 1186 2005 1249 ab
2069 1183 2345 1251 Ussadio
2408 1184 2859 1269 promunturio
2878 1234 2896 1268 ,
2969 1183 3083 1248 sed

569 1319 792 1361 versus
840 1294 1350 1379 septentrionem
1396 1294 1512 1358 ubi
1558 1316 1729 1358 nunc
1777 1295 1875 1380 est
1925 1292 2156 1357 Souira
2203 1291 2334 1356 sive
2381 1289 2770 1378 Moqadofl).

740 1402 989 1468 Ultimo
1060 1401 1204 1466 loco
1270 1423 1411 1466 eam
1475 1399 1833 1465 Ptolemaei
1898 1399 2266 1463 tabularum
2331 1403 2585 1482 partem
2648 1399 3081 1483 perlustrabO,

566 1533 727 1595 quae
774 1533 812 1574 a
848 1509 1086 1573 Darate
1134 1508 1468 1572 meridiem
1514 1530 1736 1572 versus
1785 1509 1900 1590 est,
1945 1505 2014 1569 in
2060 1528 2187 1590 qua
2231 1505 2596 1570 latitudinis
2633 1507 2872 1593 gradus
2909 1506 3080 1571 iusto

566 1618 773 1682 multo
822 1615 1150 1696 breviores
1189 1638 1326 1680 esse
1365 1616 1692 1679 affirmant
1730 1617 1796 1682 et
1831 1612 2145 1677 Vivienus
2183 1612 2260 1676 de
2298 1611 2389 1678 St.
2426 1612 2669 1677 Martin
2706 1616 2771 1677 et
2807 1613 3082 1678 Mueller

563 1725 654 1809 (p.
698 1721 873 1810 729).
966 1723 1113 1787 ‘Les
1172 1720 1534 1807 distances',
1588 1721 1681 1785 ait
1735 1721 1846 1785 ille
1902 1743 1964 1804 p.
2005 1722 2163 1804 374,
2219 1720 2284 1803 ‘y
2342 1723 2489 1783 sont
2535 1723 2883 1785 resserrees
2929 1743 3082 1785 avec

562 1835 789 1895 autaut
863 1829 1340 1915 d'exageration
1414 1851 1536 1912 que
1606 1831 1753 1892 tout
1816 1831 1855 1891 a
1920 1827 2160 1891 l'heure
2227 1826 2382 1890 elles
2447 1826 2690 1892 etaient
2754 1828 3079 1893 etendueS.

561 1938 746 2004 Nous
791 1937 1053 2000 n'avons
1088 1935 1236 2021 plus
1273 1936 1470 2020 qu'un
1506 1935 1842 1999 intervalle
1883 1934 1959 1997 de
2002 1936 2084 1999 10
2123 1934 2369 2019 degreS,
2414 1933 2480 1997 la
2517 1939 2601 1998 ou
2637 1934 3081 2019 l'application

563 2044 676 2108 des
721 2044 1003 2108 donnees
1049 2065 1332 2108 connues
1380 2065 1462 2107 en
1507 2046 1667 2127 peut
1714 2041 1869 2106 bien
1915 2041 2259 2105 demandet
2303 2038 2432 2105 25?
2523 2041 2699 2118 Quae
2746 2064 3082 2129 argumen-

562 2151 726 2215 tatio
782 2173 1050 2235 prorsus
1097 2150 1365 2235 corruit,
1421 2149 1572 2235 quia
1617 2149 1789 2234 quod
1838 2148 1975 2213 sine
2023 2147 2219 2213 dubio
2267 2151 2634 2213 asseverant
2679 2148 2777 2213 illi
2831 2149 3083 2214 nullum

568 2257 759 2341 plane
807 2257 1005 2322 habet
1062 2258 1569 2323 fundamentum.
1661 2257 1835 2322 Nam
1879 2255 1974 2319 nil
2021 2278 2295 2340 usquam
2340 2258 2438 2320 est
2485 2256 2659 2340 quod
2703 2256 2897 2321 nobis
2941 2280 3083 2342 per-

569 2364 833 2429 suadeat
861 2364 1219 2430 Ptolemaei
1256 2365 1575 2430 rationem
1611 2363 1832 2429 subito
1872 2367 1938 2427 et
1977 2361 2161 2448 quasi
2198 2384 2328 2428 uno
2367 2362 2501 2427 ictu
2539 2363 2803 2449 mutari3
2841 2364 3081 2429 etenim

574 2475 889 2556 occupata
934 2472 1032 2536 illi
1081 2472 1403 2537 ducuntur
1448 2470 1776 2556 opinione,
1823 2470 2067 2555 quippe
2115 2469 2227 2554 qui
2273 2475 2593 2555 censeant,
2637 2471 3081 2536 Ptolemaeum

575 2578 906 2644 occiduam
978 2577 1225 2663 Libyae
1303 2602 1483 2644 oram
1556 2578 1887 2665 cognitam
1960 2577 2267 2643 habuisse
2342 2578 2423 2642 ad
2495 2601 2638 2645 eam
2710 2601 2915 2664 usque
2988 2602 3083 2644 re-

570 2687 849 2773 gionem,
889 2709 1017 2771 quo
1055 2686 1291 2752 Hanno
1330 2685 1713 2771 penetravit.
1793 2686 1961 2764 Quid
1988 2685 2211 2772 igitur,
2249 2687 2423 2770 quod
2448 2686 2762 2752 Vivienus
2798 2686 2892 2774 (p.
2922 2684 3085 2773 391)

567 2793 920 2859 Catharum
964 2795 1491 2879 promunturium
1537 2793 1841 2878 componi
1888 2793 2078 2858 iussit
2125 2815 2266 2858 cum
2316 2793 2627 2859 hodierno
2677 2794 2812 2878 Cap
2857 2796 3084 2878 Blam,

562 2901 760 2966 Niam
796 2901 1067 2966 fluvium
1103 2924 1250 2966 cum
1292 2901 1610 2987 Seneyale,
1658 2899 1960 2986 Hesperu
2000 2900 2193 2965 Ceras
2231 2922 2378 2965 cum
2424 2902 2877 2984 promunturio
2893 2904 3084 2969 Verde

567 3008 655 3097 (p.
694 3010 844 3074 341.
893 3006 1083 3095 389),
1137 3008 1559 3073 Masitholum
1611 3031 1758 3073 cum
1810 3008 2082 3074 Gambia
2127 3009 2231 3075 vel
2275 3008 2399 3073 Rio
2441 3009 2699 3074 Grande
2743 3008 2833 3096 (p.
2873 3008 3080 3097 395)‘?

563 3115 703 3182 Nec
748 3137 899 3180 vero
948 3114 1017 3179 in
1063 3114 1167 3180 his
1214 3116 1511 3180 substitit
1563 3116 1854 3202 Mueller,
1906 3115 2018 3201 qui
2063 3139 2197 3181 non
2242 3115 2599 3207 dubitavit,
2631 3116 2789 3201 quin
2823 3115 3083 3181 Arsina·

564 3222 734 3287 rium
772 3221 1297 3307 promunturium
1336 3222 1423 3287 sit
1461 3228 1592 3306 Cap
1628 3223 1895 3303 Barbas,
1941 3223 2275 3308 Rysadion
2311 3224 2444 3305 Cap
2479 3225 2707 3309 Blanc,
2755 3223 3082 3289 Gatharon

563 3331 697 3414 Gap
734 3331 930 3413 Roma,
974 3329 1103 3395 Nia
1140 3330 1376 3395 fluvius
1411 3330 1762 3396 hodiernus
1798 3325 2030 3397 Cacheo
2065 3333 2274 3416 River,
2309 3330 2698 3397 Masitholus
2731 3331 3082 3398 hodiernus

564 3437 686 3502 Rio
727 3435 1068 3520 Sanyarea.
1154 3436 1631 3522 Computantur
1676 3443 1896 3503 autem
1940 3438 2010 3503 in
2054 3437 2411 3503 Ptolemaei
2456 3438 2703 3503 tabulis
2746 3462 2785 3503 a
2820 3439 3084 3504 Daratis

565 3566 675 3608 ore
721 3540 906 3631 (15⁰)
961 3565 1164 3628 usque
1219 3545 1300 3609 ad
1344 3544 1736 3630 Hesperium
1784 3545 2308 3630 promunturium
2354 3544 2484 3634 (8⁰)
2530 3550 2781 3631 septem
2827 3547 3084 3633 gradus»,

563 3651 674 3735 qui
711 3650 902 3716 nobis
938 3654 1090 3716 sunt
1127 3648 1197 3717 5⁰
1224 3650 1348 3717 50'.
1423 3653 1626 3738 Adde,
1663 3654 1837 3737 quod
1873 3675 2072 3737 parva
2107 3653 2266 3718 haec
2305 3653 2611 3718 distantia
2646 3653 2961 3718 minuitur
2999 3675 3073 3717 ea

564 3782 649 3844 re,
699 3758 873 3843 quod
916 3758 1167 3823 Babam
1223 3760 1452 3824 urbem
1508 3782 1636 3823 una
1682 3782 1829 3824 cum
1878 3761 2129 3844 Οὔβριξ
2176 3761 2486 3847 oppidulo
2549 3761 2723 3845 quod
2767 3761 2836 3825 in
2880 3761 3076 3826 medi-

560 3865 875 3930 terraneis
920 3869 1288 3931 recensetur
1324 3889 1404 3931 ex
1434 3864 1839 3931 Mauretania
1885 3867 2377 3952 septentrionali
2414 3866 2523 3954 (cf.
2551 3867 2718 3933 Ptol.
2745 3867 2841 3933 IV
2872 3871 2928 3954 1,
2961 3866 3075 3954 14)

561 3972 785 4057 inepte
846 3972 973 4038 huc
1038 3974 1418 4039 translatam
1481 3996 1621 4039 esse
1675 3973 1949 4039 Mueller
2001 3975 2332 4061 cognovit,
2395 3996 2541 4039 cum
2596 3975 2757 4040 mihi
2814 3976 3074 4061 quidem

563 4080 907 4165 scrupulus
960 4080 1029 4145 in
1082 4080 1297 4146 animo
1344 4081 1622 4147 resideat
1668 4081 1864 4146 etiam
1910 4081 1988 4146 de
2034 4080 2318 4165 Rysadio
2365 4083 2816 4166 promunturio
2826 4135 2845 4169 ,
2902 4085 3076 4169 quod

562 4187 778 4253 nescio
852 4210 934 4252 an
1008 4210 1152 4253 cum
1217 4188 1415 4253 Plinii
1476 4188 1790 4272 Ryssadir
1860 4189 2022 4252 urbe
2095 4188 2333 4254 artiore
2398 4190 2811 4256 coniunctum
2876 4191 3076 4257 fuerit

561 4295 818 4360 vinculo
873 4294 984 4384 (cf.
1039 4295 1208 4360 Ptol.
1254 4294 1349 4361 IV
1397 4299 1462 4381 1,
1513 4292 1643 4381 12).
1742 4293 1970 4380 Itaque
2025 4318 2101 4360 eo
2158 4295 2556 4383 deducimur,
2614 4302 2689 4362 ut
2743 4298 3074 4364 occiduam

747 4548 799 4612 1)
838 4542 907 4598 cf.
947 4512 1150 4598 Vivien
1184 4560 1241 4613 p.
1272 4547 1393 4598 364.
1464 4543 1653 4598 Tissot
1687 4562 1745 4613 p.
1775 4548 1896 4600 252.

743 4634 800 4704 2)
835 4631 906 4687 cf.
944 4632 1181 4686 Mueller
1217 4631 1290 4685 ad
1326 4631 1470 4687 Ptol.
1511 4651 1565 4703 p.
1596 4638 1717 4688 579.
