3467 5334
1320 373 1402 428 De
1439 374 1730 429 Hannonis
1769 373 1985 431 itinere.
2814 373 2893 436 17

397 540 674 626 perbene
714 537 1104 603 definiemus
1166 537 1430 602 Etenim
1468 537 1606 602 eius
1651 539 1848 602 verba
1894 535 2046 626 (τὴν
2091 538 2334 623 λίμνην
2369 537 2899 619 παραλλάξαντες

395 648 558 712 ὅσον
602 645 849 730 ἡμέρας
892 650 1107 710 πλοῦν
1151 647 1606 732 κατῳκίσαμεν
1651 649 1874 722 πόλεις
1919 642 2082 731 κτλ.)
2130 644 2324 708 aliam
2368 667 2500 709 non
2546 644 2898 708 admittunt

392 754 1007 839 interpretationem,
1051 751 1178 816 nisi
1226 755 1299 816 ut
1334 752 1609 837 primam
1646 753 1878 816 urbem
1915 751 2137 816 statim
2183 756 2415 839 stagno
2462 751 2575 815 illo
2620 756 2897 836 praeter-

394 861 487 925 ito
543 861 867 925 conditam
931 882 1069 924 esse
1126 858 1527 923 arbitremur.
1638 859 1823 936 Quod
1886 858 1940 923 si
2005 858 2099 924 ita
2161 882 2229 924 se
2293 860 2531 924 habere
2587 859 2899 945 concediS,

395 970 695 1055 Καρικὸν
749 965 1027 1054 τεῖχοςῑ)
1083 966 1278 1030 situm
1332 965 1530 1031 fuisse
1587 967 1809 1050 debet,
1866 966 1978 1031 ubi
2032 989 2203 1032 nunc
2274 968 2399 1036 Ued
2449 967 2617 1033 Kseb
2664 966 2898 1031 effluit:

392 1076 723 1160 hucusque
788 1073 960 1138 enim
1019 1074 1315 1158 pervenis
1369 1095 1408 1137 a
1459 1072 1908 1159 promunturio
1966 1073 2195 1140 Cantin
2249 1073 2440 1137 unius
2500 1072 2626 1137 diei
2691 1076 2757 1136 et
2812 1072 2900 1136 di-

393 1181 575 1246 midii
619 1180 1047 1266 navigatione.
1130 1180 1539 1265 Respondere
1576 1180 1797 1264 itaque
1844 1179 2005 1244 mihi
2051 1179 2305 1244 videtur
2340 1179 2678 1244 Hannonis
2725 1178 2900 1263 oppi-

397 1289 550 1352 dum
594 1285 938 1352 hodiernae
975 1287 1296 1370 Moyador.
1367 1285 1490 1351 Est
1525 1287 1719 1352 huius
1765 1287 1891 1352 loci
1939 1286 2227 1352 condicio
2274 1287 2671 1352 felicissima·
2715 1286 2900 1351 nimi-

396 1419 542 1460 rum
588 1396 757 1459 bono
813 1394 1167 1460 instructus
1215 1397 1313 1459 est
1365 1398 1586 1479 portu,
1639 1394 1904 1459 navium
1958 1416 2209 1478 semper
2264 1394 2482 1479 pleno,
2539 1394 2649 1478 qui
2704 1416 2901 1478 parva

399 1502 671 1586 quadam
717 1501 925 1565 insula
978 1500 1127 1565 urbi
1184 1501 1480 1586 opposita
1524 1499 1896 1588 munitur2).
1986 1499 2169 1565 Adde
2226 1501 2397 1585 quod
2450 1501 2624 1565 haud
2678 1500 2904 1584 procul

397 1610 478 1673 ab
540 1631 615 1672 eo
672 1607 1175 1693 septentrionem
1231 1631 1451 1674 versus
1506 1609 1577 1674 in
1632 1631 1707 1673 eo
1765 1612 1984 1674 monte
2041 1609 2152 1693 qui
2206 1631 2376 1673 nunc
2430 1608 2611 1673 audit
2665 1609 2904 1691 Djebez-

396 1717 624 1781 Hadid
666 1714 944 1800 vestigia
989 1714 1395 1800 reperiuntur
1445 1714 1855 1780 metallorum
1904 1737 2066 1800 quae
2114 1720 2180 1780 et
2228 1698 2792 1801 Carthaginienses
2839 1719 2905 1779 et

395 1821 673 1886 Romani
721 1822 1103 1886 exercebant
1114 1819 1185 1908 3).

573 1927 747 2004 Quae
804 1929 1096 2014 sequitur
1149 1930 1305 1994 urbs
1351 1930 1548 2015 Gytte
1558 1928 1616 2018 4)
1662 1930 1994 1994 adjacebat
2002 1981 2020 2016 ‚
2065 1929 2134 1994 ni
2181 1928 2398 2014 fallor,
2452 1918 2903 2015 promunturio

400 2037 722 2119 Tufelneh,
782 2035 852 2099 in
905 2036 1087 2100 cuius
1140 2035 1377 2102 vicinia
1430 2037 1610 2102 nullo
1664 2035 1952 2122 periculo
2006 2041 2240 2102 nautae
2305 2037 2374 2101 in
2428 2037 2679 2103 ancoris
2734 2041 2905 2103 stare

398 2145 670 2226 possunt
681 2139 752 2228 ⁵).
1676 2228 1681 2233 ,

573 2249 790 2314 Tertia
838 2248 1467 2336 Carthaginiensium
1512 2251 1766 2315 colonia
1811 2254 1983 2314 recte
2030 2251 2226 2337 vulgo
2274 2253 2495 2317 eadem
2542 2275 2678 2317 esse
2723 2257 2906 2338 puta-

396 2360 504 2421 tur
540 2361 733 2442 atque
767 2358 1269 2440 Ayadir-n-Irir.
1330 2357 1677 2443 Multiplex
1713 2357 1907 2421 huius
1946 2356 2167 2440 oppidi
2207 2358 2673 2443 opportunitas.
2734 2359 2904 2424 Nam

374 2460 656 2547 ⁴portum
682 2463 884 2528 habet
919 2468 983 2528 et
1019 2465 1281 2529 navium
1309 2466 1655 2531 stationem
1691 2466 1761 2529 in
1798 2469 1940 2529 tota
1967 2464 2087 2528 hac
2124 2486 2236 2529 ora
2271 2465 2464 2553 longe
2496 2466 2811 2551 optimam
2823 2467 2906 2554 6);

398 2570 544 2634 (10111
591 2571 731 2655 ipsa
776 2572 934 2636 urbs
980 2572 1050 2636 in
1096 2595 1345 2637 summo
1383 2576 1603 2637 monte
1651 2572 1776 2636 sita
1823 2573 1904 2635 ab
1955 2570 2128 2635 omni
2177 2571 2421 2657 impetu
2458 2572 2645 2637 facile
2694 2573 2906 2638 defen-

400 2675 602 2760 ditur3
667 2682 996 2760 postremo
1057 2700 1219 2762 quae
1285 2679 1690 2744 circumjacet
1755 2665 2087 2765 regionem
2151 2678 2422 2764 vitibus,
2479 2679 2666 2745 olivis
2675 2729 2693 2764 ‚
2757 2680 2905 2745 aliis

398 2783 701 2846 arborum
747 2783 1092 2870 generibus
1140 2785 1480 2870 abundare,
1526 2785 1807 2872 argenti,
1861 2786 2043 2869 ferri,
2104 2787 2286 2871 cupri
2339 2810 2457 2852 nec
2512 2809 2644 2852 non
2698 2787 2837 2851 auri
2853 2785 2906 2874 7)

395 2890 576 2954 venis
640 2890 931 2974 divitem,
996 2892 1174 2956 coelo
1241 2894 1524 2979 beatam,
1589 2893 1988 2959 commerciis
2052 2916 2198 2958 cum
2271 2894 2597 2958 interioris
2659 2894 2902 2978 Libyae

396 2998 657 3082 populis
726 2998 1059 3063 nectendis
1137 3000 1796 3065 accomodatissimam
1875 3023 2013 3107 esse
2096 3023 2317 3066 omnes
2389 3022 2518 3067 uno
2592 3019 2905 3067 consensu

399 3103 732 3169 clamitant
742 3103 817 3192 ⁸).

577 3354 630 3424 1)
666 3353 841 3408 Novit
890 3354 1035 3409 hanc
1091 3356 1287 3409 urbem
1343 3353 1598 3426 Ephorus
1654 3355 1805 3426 apud
1852 3354 2045 3426 Steph.
2085 3354 2230 3426 Byz.‚
2276 3356 2373 3412 ubi
2423 3357 2589 3413 haec:
2647 3356 2901 3429 Καρικὸν

397 3448 601 3511 τεῖχος,
637 3439 796 3506 πόλις
831 3443 1043 3516 Λιβύης
1082 3443 1144 3499 ἐν
1179 3444 1445 3519 ἀριστερᾷ
1481 3453 1593 3499 τῶν
1622 3442 1966 3514 “Ηρακλείων
2008 3449 2236 3516 στηλῶν,
2283 3448 2356 3511 ὡς
2381 3444 2628 3518 Ἔφορος
2663 3445 2902 3521 πέμπτῃ.

397 3530 712 3587 Ptolemaei
749 3531 1101 3602 Μυσοκάραν
1137 3530 1333 3604 λιμένα
1370 3536 1459 3603 (cf.
1489 3534 1566 3587 IV
1597 3541 1645 3603 1,
1675 3540 1728 3603 2)
1769 3534 1841 3589 ad
1877 3534 2167 3589 Hannonis
2204 3537 2401 3591 urbem
2436 3537 2643 3593 referre
2681 3538 2900 3595 dubito,

577 3639 633 3706 2)
671 3638 741 3692 cf.
796 3636 996 3692 Rohlfs
1040 3657 1097 3708 p.
1120 3645 1223 3693 403
1244 3654 1364 3708 sqq.
1441 3639 1686 3710 Conring
1738 3660 1793 3711 p.
1827 3641 2042 3713 171s72.
2114 3643 2401 3699 Jannasch
2453 3662 2508 3714 p.
2538 3651 2622 3700 25.
2711 3644 2901 3699 Africa

395 3726 548 3785 Pilot
585 3728 608 3780 1
645 3746 699 3797 p.
731 3734 799 3782 59
821 3745 899 3796 00.

575 3820 630 3886 3)
669 3817 738 3873 cf.
776 3817 1072 3872 Beaumier
1109 3819 1237 3874 buzl.
1277 3820 1330 3874 d.
1371 3820 1405 3874 l.
1436 3836 1547 3875 000.
1586 3821 1639 3875 d.
1677 3823 1853 3893 ye'oyr
1893 3820 1959 3877 de
1996 3823 2163 3879 Paris
2191 3828 2347 3880 1868.
2403 3818 2457 3893 p.
2488 3830 2608 3880 337.
2676 3824 2902 3880 Schnell

394 3905 500 3961 1.l.
535 3924 591 3975 p.
623 3911 707 3962 37.

577 3997 633 4062 4)
669 3994 1013 4052 Ravennatis
1052 3997 1254 4052 Gudda
1288 3997 1479 4053 1100010
1518 4015 1587 4053 an
1626 3998 1825 4054 eadem
1862 3999 2035 4054 fuerit
2072 4017 2139 4054 ac
2177 4000 2449 4072 Stephani
2478 4003 2609 4074 Byz.
2641 3960 2700 4059 et
2735 4003 2901 4059 itine-

396 4082 533 4136 rarii
566 4083 696 4137 Ant
738 4083 921 4140 Gilda.

577 4174 634 4241 5)
671 4172 739 4229 cf.
776 4175 979 4242 Africa
1007 4177 1160 4233 Pizot
1193 4195 1246 4247 p.
1280 4185 1374 4234 63:
1418 4178 1619 4232 ‘There
1655 4178 1704 4232 is
1732 4180 1997 4248 reported
2025 4181 2085 4234 to
2122 4180 2193 4234 be
2231 4181 2549 4251 anchorage
2588 4182 2807 4252 ground
2843 4182 2902 4236 in

407 4265 473 4315 10
513 4260 759 4315 fathoms
794 4263 974 4321 under
1009 4265 1105 4320 the
1144 4266 1310 4322 south
1347 4268 1467 4323 side
1507 4268 1572 4322 of
1601 4284 1742 4337 cape
1778 4267 2090 4323 Tefelneh.'

581 4350 635 4419 6)
672 4348 742 4406 cf.
780 4352 979 4408 Rohlfs
1007 4371 1062 4425 p.
1087 4361 1323 4426 416000.
1383 4358 1631 4428 Conring
1655 4375 1712 4427 p.
1733 4363 1850 4413 178.
1905 4358 2193 4413 Jannasch
2219 4377 2274 4429 p.
2296 4366 2417 4416 263.
2476 4359 2672 4416 Fitzau
2700 4379 2755 4430 p.
2776 4367 2896 4419 217.

580 4444 632 4507 7)
671 4439 740 4495 cf.
779 4438 969 4497 Gatell
1004 4443 1042 4499 l.
1080 4444 1118 4498 Ι.
1155 4461 1210 4513 p.
1241 4444 1417 4518 84s85.
1494 4446 1724 4500 Schnell
1759 4465 1813 4515 p.
1845 4453 1930 4501 95.

579 4533 632 4598 8)
672 4528 870 4584 Rohlfs
916 4548 971 4600 p.
1002 4537 1105 4587 420
1124 4550 1244 4601 000.
1317 4532 1568 4605 Conring
1622 4553 1675 4604 p.
1708 4540 1810 4589 178
1833 4552 1949 4604 000.
2035 4536 2316 4590 Jannasch
2361 4554 2416 4605 p.
2447 4541 2549 4591 267
2573 4553 2654 4605 00.
2721 4538 2902 4595 Soller

401 4619 459 4674 0.
497 4619 568 4674 R.
607 4621 660 4674 (1.
700 4620 734 4675 l.
772 4635 879 4676 soc.
917 4622 971 4676 d.
1008 4624 1182 4693 ydoyr.
1222 4624 1289 4678 de
1325 4623 1493 4678 Paris
1531 4630 1684 4679 1887.
1736 4629 1818 4678 13.

509 4717 781 4773 Fischer,
809 4721 876 4761 De
905 4723 1148 4763 Hannonis
1178 4722 1332 4764 Carth.
1362 4721 1557 4772 periplo.
2441 4722 2472 4769 2
