3467 5334
1331 384 1415 438 De
1452 382 1743 440 Hannonis
1780 382 1999 438 itinere.
2854 375 2938 443 59

429 544 951 630 interpretationi
999 548 1266 611 obstant
1311 547 1789 631 impedimenta.
1880 546 2372 611 Proficiscamur
2427 544 2598 609 enim
2654 566 2800 608 cum
2849 542 2943 607 eis

424 676 507 717 ex
557 652 804 737 Oranyo
857 654 1092 719 insula:
1147 658 1289 719 tum
1334 652 1416 718 ad
1460 654 1846 720 Kakoulima
1899 657 2188 717 montem
2235 651 2541 716 distantia
2586 651 2796 715 minor
2843 655 2941 715 est

424 763 737 844 quattuor
772 759 1017 846 diebus,
1063 762 1144 826 ad
1184 760 1432 827 Simae
1475 761 1676 826 Leone
1712 760 2159 844 paeninsulam
2195 764 2414 825 autem
2451 758 2792 844 quatriduo
2830 757 2941 821 vix

424 867 766 932 conficitur
808 868 1138 954 navigatio
1185 890 1259 932 ac
1304 890 1384 932 ne
1430 867 1539 932 vix
1587 867 1863 952 quidem.
1948 867 2123 945 Quae
2169 867 2280 931 alii
2328 865 2826 949 somniaverunt,
2871 864 2941 929 in

424 997 691 1039 censum
745 975 1006 1040 omnino
1053 998 1183 1040 non
1228 975 1514 1039 veniunt.
1604 975 1698 1041 Ut
1748 976 1981 1060 dicam,
2037 974 2192 1059 quid
2245 973 2407 1039 mihi
2465 973 2745 1058 placeat,
2801 995 2938 1056 per-

423 1104 606 1147 verse
643 1082 1099 1167 procedebant,
1138 1083 1249 1167 qui
1286 1083 1511 1147 Theon
1547 1082 1832 1148 Ochema
1868 1086 2157 1147 montem
2193 1103 2339 1146 cum
2375 1079 2685 1145 hodierno
2723 1079 2939 1144 nescio

423 1211 555 1273 quo
621 1193 839 1254 monte
903 1190 1192 1255 conferre
1258 1190 1632 1276 studebant,
1696 1190 1850 1255 hinc
1915 1189 2309 1254 definiebant
2368 1190 2598 1253 Νότου
2644 1186 2942 1271 Κέρατος

424 1296 652 1361 situm:
699 1300 764 1361 et
811 1296 1047 1361 iniuria
1083 1297 1349 1363 Trevius
1386 1298 1666 1361 affirmat
1713 1296 1807 1384 (p.
1846 1294 1990 1383 38):
2038 1296 2159 1361 ‘Le
2196 1295 2389 1361 noeud
2426 1295 2502 1358 de
2538 1294 2602 1358 la
2639 1294 2939 1379 question

424 1407 528 1468 est
573 1426 654 1467 au
700 1404 925 1468 Theon
962 1402 1292 1470 Ochema':
1339 1404 1734 1470 contrarium
1779 1427 2003 1469 verum
2041 1408 2141 1469 est
2187 1407 2253 1468 et
2291 1426 2370 1468 ex
2409 1424 2484 1467 eo
2524 1401 2763 1485 pendet
2799 1404 2941 1464 tota

425 1510 752 1595 quaestio,
814 1512 1083 1576 ubinam
1135 1512 1296 1578 Noti
1345 1511 1558 1576 Cornu
1614 1511 1812 1576 situm
1875 1511 2074 1575 fuisse
2132 1511 2550 1576 arbitremur:
2614 1531 2741 1593 quo
2798 1530 2941 1573 con·
3040 1500 3046 1505 ⁵

424 1617 662 1681 stituto
700 1617 949 1702 reliqua
986 1619 1161 1684 facili
1198 1619 1464 1705 negotio
1506 1618 2046 1683 diiudicabuntur.
2119 1617 2485 1683 Dolendum
2523 1638 2673 1681 vero
2703 1614 2939 1679 iterum

422 1723 620 1789 nobis
658 1728 774 1809 est,
821 1726 992 1809 quod
1028 1729 1319 1790 veterum
1356 1725 1730 1790 testimonia
1767 1725 2081 1789 auxilium
2116 1724 2309 1788 nobis
2343 1745 2476 1787 non
2511 1723 2747 1806 ferunt,
2794 1744 2938 1786 cum

427 1832 684 1896 duobus
729 1836 984 1898 tantum
1029 1833 1188 1898 locis
1234 1832 1682 1899 Strabonianis
1719 1836 1951 1899 Νότου
1989 1830 2208 1914 Κέρας
2257 1829 2517 1896 omnino
2565 1851 2940 1894 commemo-

427 1943 635 2024 retur,
692 1938 802 2024 qui
847 1939 943 2004 nil
998 1962 1143 2004 cum
1189 1940 1528 2005 Hannonis
1582 1942 1837 2026 periplo
1895 1961 2231 2006 commune
2285 1937 2548 2001 habent.
2639 1936 2741 2002 Ne
2797 1936 2943 2021 quis

428 2049 599 2111 forte
646 2046 932 2111 animum
978 2047 1263 2132 inducat,
1320 2047 1445 2111 duo
1502 2048 1660 2112 haec
1715 2069 1955 2112 cornua
2009 2045 2333 2132 iungenda
2389 2067 2554 2128 esse,
2613 2044 2809 2108 affero
2867 2066 2941 2107 ea

429 2152 770 2218 Strabonis
789 2155 1003 2238 verba,
1025 2154 1263 2238 quibus
1281 2152 1436 2218 XVI
1452 2156 1514 2239 4,
1537 2155 1619 2220 15
1647 2178 1711 2237 p.
1726 2155 1857 2219 774
1869 2151 1936 2218 C.
1956 2151 2222 2217 Arabici
2244 2151 2424 2216 sinus
2442 2150 2941 2234 descriptionem

433 2260 517 2324 ad
543 2262 737 2324 finem
761 2259 1055 2325 adducit:
1101 2260 1256 2327 Εἰσὶ
1288 2258 1362 2326 δὲ
1389 2259 1501 2326 καὶ
1539 2266 1771 2344 στῆλαι
1799 2257 1909 2325 καὶ
1946 2257 2158 2343 βωμοὶ
2197 2258 2573 2325 Πυθολοὲου
2618 2257 2728 2323 καὶ
2767 2259 2941 2342 Λίχα

434 2365 548 2432 καὶ
592 2366 1046 2451 Πυθαγγέλου
1092 2366 1201 2433 καὶ
1246 2366 1540 2445 Λέοντος
1583 2366 1694 2434 καὶ
1742 2369 2167 2452 Χαριμόρτου
2209 2367 2376 2431 κατὰ
2431 2367 2554 2450 τὴν
2598 2367 2940 2449 γνώριμον

432 2477 763 2560 παραλίαν
808 2474 932 2558 τὴν
978 2474 1105 2540 ἀπὸ
1142 2480 1391 2559 Δειρῆς
1445 2475 1635 2562 μέχρι
1682 2477 1911 2540 Νότου
1949 2472 2202 2557 Κέρως,
2251 2475 2324 2538 τὸ
2374 2470 2446 2539 δὲ
2485 2474 2812 2557 διάστημα
2859 2471 2942 2536 οὐ

432 2582 789 2669 γνώριμον.
836 2581 1084 2646 Eodem
1104 2586 1402 2666 spectant
1432 2605 1594 2667 quae
1622 2582 1932 2668 leguntur
1958 2579 2113 2645 XVI
2131 2583 2192 2666 4,
2215 2583 2297 2646 14
2326 2584 2439 2666 p.7
2449 2584 2484 2647 7
2490 2583 2533 2646 4
2546 2579 2642 2645 Q:
2684 2577 2817 2645 Καὶ
2844 2604 2943 2645 τε-

437 2695 741 2756 λευταῖον
762 2688 1173 2775 ἀκρωτήριον
1201 2699 1318 2773 τῆς
1345 2692 1670 2773 παραλίας
1688 2690 1931 2773 ταύτης
1958 2689 2031 2753 τὸ
2054 2691 2283 2754 Νότου
2304 2686 2539 2772 Κέρας.
2584 2688 2943 2773 Κάμψαντι

439 2792 511 2862 δὲ
537 2805 735 2862 τοῦτο
765 2796 854 2873 ὡς
884 2793 990 2861 ἐπὶ
1025 2799 1441 2884 μεσημβρίαν
1468 2794 1711 2879 οὐκέτι,
1750 2797 1957 2880 φησίν
1994 2792 2108 2882 (8ο.
2142 2789 2671 2880 Ἀρτεμίδωρος),
2710 2796 2944 2878 ἔχομεν

436 2901 723 2987 λιμένων
770 2901 1160 2987 ἀναγραφὰς
1206 2901 1366 2969 οὐδὲ
1411 2906 1633 2969 τόπων
1682 2926 1733 2967 e.
1775 2926 1832 2987 q.
1873 2925 1919 2967 s.
2001 2901 2229 2986 Itaque
2266 2923 2384 2965 nec
2421 2902 2579 2965 haec
2614 2924 2732 2965 nec
2781 2923 2943 2984 quae

436 3010 844 3075 Ptolemaeus
890 3009 1013 3097 (IV
1061 3014 1118 3096 7,
1159 3008 1273 3097 11)
1329 3011 1405 3075 de
1463 3011 1686 3076 eodem
1733 3009 2067 3075 orientalis
2122 3031 2271 3074 orae
2327 3008 2605 3074 termino
2651 3008 2944 3073 meridio-

436 3117 568 3181 nali
616 3117 907 3202 servavit,
953 3118 1033 3182 ad
1077 3122 1368 3183 nostram
1404 3140 1541 3181 rem
1577 3117 1839 3181 faciunt.
1921 3115 1999 3181 In
2035 3119 2219 3180 tanta
2255 3120 2473 3181 autem
2510 3116 2945 3181 subsidiorum

436 3223 724 3308 penuria,
770 3246 915 3289 cum
953 3223 1290 3290 Hannonis
1328 3224 1536 3308 ipsius
1574 3246 1906 3290 mensuras
1952 3246 2210 3288 mancas
2258 3246 2393 3288 esse
2440 3223 2805 3308 viderimUS,
2849 3223 2945 3287 nil

437 3331 849 3416 relinquitur,
903 3331 1029 3396 nisi
1085 3337 1158 3397 ut
1214 3331 1563 3397 secundum
1619 3330 1822 3395 solam
1882 3330 2371 3415 probabilitatis
2426 3329 2707 3414 speciem
2761 3329 2945 3396 litem

437 3461 922 3523 componamus:
987 3439 1160 3523 quod
1215 3438 1269 3503 si
1326 3438 1487 3502 mihi
1552 3438 1942 3504 concesseris
1949 3491 1967 3525 ,
2033 3438 2204 3503 idem
2266 3437 2570 3502 lubenter
2624 3439 2948 3524 concedeS,

440 3569 602 3631 quae
648 3546 855 3610 adhuc
900 3568 938 3610 a
983 3545 1139 3611 viris
1186 3546 1393 3612 doctis
1447 3546 1740 3630 prolatae
1787 3549 1938 3611 sunt
1995 3546 2335 3630 opiniones
2377 3567 2509 3610 non
2563 3545 2757 3610 nimis
2801 3568 2945 3630 pro-

440 3654 692 3719 babiles
756 3651 974 3740 essel).
1066 3654 1160 3720 Ut
1226 3654 1398 3718 enim
1460 3653 1745 3738 primum
1802 3676 1989 3718 omne
2045 3652 2437 3739 praesidium
2502 3652 2594 3718 eis
2649 3653 2946 3736 eripiam:

439 3826 654 3883 tionem
691 3845 833 3896 quae
864 3831 952 3883 est
988 3829 1059 3884 de
1097 3829 1293 3884 Theon
1331 3830 1637 3884 Ochemate
1678 3831 1750 3884 ab
1786 3830 2193 3900 interpolatore
2231 3829 2506 3884 intrusam
2547 3845 2668 3883 esse
2707 3828 2944 3898 censuit,

443 3917 575 3971 inde
614 3919 823 3987 ortam,
879 3920 1029 3986 quod
1066 3934 1211 3987 quae
1250 3920 1319 3973 de
1356 3918 1794 3974 Fortunatarum
1839 3921 2151 3974 insularum
2189 3936 2405 3973 summo
2444 3919 2655 3975 vertice
2694 3920 2852 3989 (Pico
2880 3921 2947 3975 de

443 4007 629 4076 Teide)
666 4006 950 4062 veteribus
986 4012 1125 4064 nota
1161 4010 1321 4063 erant
1354 4008 1501 4063 falso
1541 4008 1614 4063 ad
1650 4008 2061 4064 occidentalem
2100 4026 2256 4065 oram
2290 4009 2572 4064 translata
2610 4011 2812 4064 essent.

624 4097 675 4166 l)
713 4094 851 4150 Cum
886 4111 976 4150 res
1023 4098 1226 4152 summi
1269 4097 1543 4152 momenti
1590 4098 1689 4167 eit,
1740 4115 1854 4153 non
1903 4098 2188 4154 omiserim
2235 4116 2380 4167 quae
2415 4099 2701 4167 hucusque
2739 4116 2774 4153 a
2811 4096 2949 4153 viris

442 4183 626 4240 doctis
644 4185 900 4254 prolatae
920 4187 1050 4240 sunt
1078 4187 1386 4243 sententias
1408 4203 1742 4257 congerere:
1790 4187 2134 4243 Gosselinius
2152 4191 2231 4259 (p.
2251 4192 2357 4257 94),
2396 4187 2726 4243 Lelewelius
2748 4190 2822 4257 (p.
2839 4191 2951 4256 88),

442 4272 873 4341 Humboldtius,
917 4275 998 4329 kr.
1057 4275 1267 4332 Umers,
1313 4276 1340 4328 I
1386 4281 1490 4331 559
1535 4275 1870 4332 Hannonem
1918 4278 2241 4346 pervenisse
2287 4279 2608 4332 statuerunt
2651 4293 2828 4344 usque
2876 4276 2949 4330 ad

442 4363 889 4432 promunturium
928 4364 1197 4433 Bojador,
1236 4365 1310 4419 ad
1345 4365 1643 4421 Gambiam
1672 4365 1906 4420 fluvium
1944 4384 2121 4436 usque
2149 4366 2524 4422 Benickenius
2563 4365 2653 4433 (cf.
2674 4365 2871 4421 Erech.
2899 4372 2950 4421 et

452 4453 625 4509 Grub.
654 4453 851 4523 encycl.
881 4451 933 4506 Π
961 4460 1011 4523 2,
1041 4471 1093 4522 p.
1129 4458 1278 4523 178);
1308 4453 1619 4508 Heerenius
1649 4449 1790 4524 (11‘2,
1813 4458 1937 4524 718)
1967 4457 2027 4509 et
2053 4455 2322 4526 Forbiger
2351 4456 2425 4526 (ΙΙ
2445 4456 2570 4525 881)
2597 4454 2736 4509 Noti
2767 4455 2950 4511 Cornu

444 4544 878 4612 composuerunt
924 4559 1051 4596 cum
1096 4542 1367 4598 hodierno
1418 4542 1535 4613 Gap
1570 4543 1759 4610 Rox03
1816 4544 2009 4600 Βίαντα
2044 4546 2226 4601 Leone
2272 4545 2720 4615 promunturium
2768 4545 2820 4599 ei
2864 4560 2949 4598 re-

447 4630 720 4699 spondere
751 4630 1128 4703 opinabantur
1150 4632 1404 4703 Klugeus
1436 4631 1566 4703 (ed.)
1598 4634 1657 4687 et
1683 4633 2011 4688 Peschelius
2041 4635 2099 4706 (l.
2122 4635 2158 4690 l.
2178 4639 2362 4705 p.23);
2402 4634 2647 4694 Ukertus
2678 4635 2725 4709 (Ι
2755 4653 2810 4709 p.
2841 4635 2947 4707 66),
