3467 5334
1379 413 1462 467 De
1497 409 1794 468 Hannonis
1830 410 2049 489 itinelge.
2922 414 2960 477 7

453 578 682 663 perire,
730 577 885 662 quid
931 574 1298 642 censuerint
1341 575 1560 640 Poeni.
1641 574 1955 641 Videmus
2000 580 2216 641 autem
2261 578 2494 642 horum
2540 577 2617 642 de
2662 577 2962 643 Herculis

453 683 769 750 columnis
806 684 1179 768 opinionem
1214 681 1479 747 minime
1516 682 1749 768 vagam
1785 681 1986 747 fuisse
2022 686 2088 747 et
2126 687 2462 749 errantem.
2535 685 2750 769 Tyriis
2787 686 2960 751 enim

452 791 709 856 oraculo
757 790 949 855 iussis
995 788 1312 855 coloniam
1359 789 1439 854 ad
1485 789 1817 854 columnas
1852 788 2150 856 Herculis
2198 791 2486 876 condere,
2534 813 2681 856 cum
2718 791 2958 858 emisis-

452 902 612 983 sent,
661 899 772 982 qui
818 898 1047 963 urbem
1092 919 1224 962 non
1267 896 1495 981 procul
1540 918 1580 960 a
1621 895 1823 980 Calpe
1869 900 2088 961 monte
2135 897 2561 983 aedificarent,
2606 921 2745 963 rem
2790 899 2959 964 male

451 1006 714 1071 cessisse
752 1004 987 1071 Strabo
1033 1008 1251 1069 narrat
1295 1002 1422 1092 (111
1458 1004 1518 1089 5,
1555 1004 1598 1069 5
1644 1027 1706 1087 p.
1751 1005 1876 1069 169
1899 1000 1978 1089 C)
2023 1025 2232 1088 neque
2273 1004 2425 1088 plus
2460 1004 2808 1089 profecisse
2847 1006 2957 1070 ali-

451 1116 693 1198 quanto
740 1115 1034 1196 tempore
1080 1116 1233 1195 post
1278 1110 1511 1176 missos
1518 1162 1536 1195 ‚
1591 1109 1770 1175 mille
1817 1108 2174 1196 quingenta
2226 1111 2435 1175 stadia
2489 1114 2673 1176 extra
2717 1113 2956 1177 fretum

451 1242 830 1306 progressos
889 1219 968 1282 ad
1021 1218 1300 1284 insulam
1353 1217 1618 1284 Herculi
1676 1239 1949 1303 sacram,
2014 1216 2207 1282 sitam
2261 1240 2295 1282 e
2350 1217 2616 1304 regione
2672 1218 2955 1305 Onobae‚

451 1326 748 1411 oppiduli
782 1324 1047 1409 Iberici3
1094 1325 1290 1390 immo
1329 1329 1471 1389 tum
1517 1324 1776 1389 demum
1811 1323 2065 1389 felicem
2103 1324 2352 1389 exitum
2386 1324 2693 1390 habuisse
2730 1326 2827 1410 Ty
2853 1326 2955 1392 *io-

450 1456 594 1498 rum
657 1432 1161 1517 expeditionem,
1225 1453 1371 1495 cum
1435 1431 1515 1495 ad
1578 1430 1868 1514 ipsarum
1933 1430 2208 1497 Gadium
2269 1431 2484 1496 locum
2547 1431 2806 1516 appulis
2869 1438 2953 1498 :nt

448 1539 671 1624 ibique
718 1539 1151 1604 condidissent
1197 1538 1452 1602 urbem:
1510 1559 1637 1622 quo
1683 1537 1954 1622 factum,
2012 1543 2084 1602 ut
2129 1538 2358 1622 Poeni,
2412 1538 2681 1624 LibyeS,
2733 1538 2953 1605 Iberes

441 1646 791 1711 Herculeas
837 1646 1166 1711 columnas
1212 1644 1409 1730 vulgo
1457 1644 1746 1709 Gadibus
1793 1648 2175 1729 quaererent
2221 1643 2329 1732 (cf.
2378 1644 2613 1710 Strabo
2658 1645 2754 1711 HI
2804 1647 2864 1732 5,
2910 1648 2953 1713 5

440 1776 502 1837 p.
537 1756 663 1820 170
683 1750 783 1841 O),
823 1757 889 1818 et
924 1773 1315 1838 quamquam
1342 1752 1467 1817 hoc
1495 1751 1802 1817 Straboni
1832 1774 2240 1836 summopere
2271 1751 2569 1837 displicet
2604 1790 2678 1800 —
2714 1755 2953 1820 etenim

440 1862 523 1925 τὰ
580 1861 872 1947 Γάδειρα
935 1860 1059 1926 οὐκ
1122 1858 1198 1925 ἐν
1260 1860 1589 1937 τοιούτοις
1660 1859 1928 1946 ἵδρυται
1990 1861 2249 1943 τόποις,
2326 1860 2493 1924 ὥστε
2561 1859 2950 1945 ἀποδηλοῦν

442 1967 780 2053 ἐσχατιάν,
856 1962 997 2033 ἀλλ’
1070 1966 1144 2032 ἐν
1212 1965 1378 2052 μέσῃ
1449 1987 1591 2043 πως
1661 1977 1869 2031 κεῖται
1943 1966 2192 2052 μεγάλῃ
2266 1968 2558 2052 παραλίᾳ
2618 1968 2953 2033 κολπώδει

439 2075 516 2138 cf.
553 2074 648 2140 m
684 2076 744 2161 5,
781 2078 822 2141 6
861 2098 924 2159 p.
958 2077 1035 2140 17
1042 2077 1083 2140 2
1105 2073 1153 2139 Ο
1197 2111 1272 2124 —-
1316 2077 1534 2137 tamen
1568 2072 1916 2138 Posidonio
1957 2089 2213 2158 quoque
2250 2073 2387 2137 veri
2424 2072 2713 2140 omnium
2752 2072 2950 2138 simil-

439 2180 669 2246 limum
739 2182 1110 2267 videbatur,
1183 2180 1484 2246 Herculis
1557 2180 1890 2245 columnas
1963 2202 2102 2246 esse
2176 2180 2424 2265 positas
2497 2181 2567 2244 in
2629 2179 2948 2246 Herculeo

440 2287 756 2354 Gaditano
822 2293 967 2354 octo
1033 2288 1404 2353 cubitorum
1480 2286 1811 2352 columnas
1819 2339 1837 2372 ‚
1910 2286 1980 2351 in
2046 2286 2286 2371 quibus
2347 2286 2747 2372 perscriptus
2812 2291 2951 2352 erat

438 2398 737 2479 sumptus
782 2393 852 2459 in
896 2394 1029 2459 fani
1075 2395 1286 2459 factus
1327 2393 1839 2465 aedificationem
1884 2393 1993 2482 (cf.
2033 2393 2243 2459 Strab.
2279 2392 2374 2458 ΙΠ
2410 2394 2469 2479 5,
2508 2395 2550 2458 5
2597 2417 2659 2478 p.
2704 2396 2831 2459 170
2852 2392 2948 2480 O).

435 2501 662 2586 Itaque
725 2524 796 2566 re
869 2501 1214 2588 diligenter
1285 2500 1686 2566 considerata
1759 2523 1861 2564 me
1928 2501 2188 2585 quidem
2260 2500 2467 2565 iudice
2543 2500 2948 2566 dubitatione

438 2607 646 2672 maius
701 2610 825 2693 est,
881 2607 1041 2692 quin
1083 2607 1319 2673 Hanno
1375 2607 1651 2672 termino
1707 2605 1822 2671 illo
1867 2607 1962 2671 nil
2008 2607 2184 2672 aliud
2230 2607 2594 2694 significare
2641 2609 2948 2693 potuerit,

436 2714 562 2779 nisi
609 2715 785 2798 ipsas
832 2713 1163 2779 columnas
1198 2714 1562 2781 Gaditanas.
1650 2713 1719 2780 Si
1759 2713 1931 2779 enim
1977 2737 2016 2779 a
2060 2715 2384 2780 communi
2430 2714 2543 2779 illo
2581 2714 2947 2779 Poenorum

438 2843 753 2887 consensu
797 2821 1191 2907 recessisset,
1245 2821 1606 2907 periculum
1652 2825 1819 2907 erat,
1865 2843 1947 2886 ne
1992 2821 2277 2886 narratio
2325 2822 2407 2886 ad
2453 2820 2742 2886 omnium
2788 2822 2946 2886 iudi-

436 2929 607 2994 cium
669 2929 1180 3014 popularemque
1248 2927 1764 3015 intellegentiam
1826 2930 2309 2994 accommodata
2378 2951 2513 2994 non
2577 2929 2862 2994 eveniret
2877 2928 2947 3016 1).

435 3035 618 3100 Adde
669 3036 839 3120 quod
882 3036 1035 3100 hinc
1081 3035 1277 3101 etiam
1323 3040 1623 3121 apparet,
1681 3035 1837 3120 quid
1884 3036 1997 3122 sit,
2055 3036 2228 3120 quod
2282 3058 2350 3101 se
2394 3059 2528 3101 non
2573 3040 2948 3121 pervectum

438 3164 577 3211 esse
625 3142 954 3207 columnas
998 3142 1179 3229 dixit,
1226 3144 1337 3208 sed
1373 3146 1913 3228 praetervectum3
1961 3165 2350 3228 quamquam
2394 3143 2463 3208 id
2497 3143 2648 3209 nolo
2697 3143 2767 3208 in
2804 3166 2946 3208 eam

436 3253 690 3334 partem
753 3248 1027 3334 accipiat
1098 3250 1466 3336 quisquam,
1540 3250 1725 3335 quasi
1792 3248 2356 3369 Carthaginienses
2428 3249 2591 3334 ipsis
2656 3249 2945 3317 Gadibus

436 3355 993 3441 appropinquasse
1038 3357 1109 3422 in
1144 3356 1375 3423 itinere
1413 3357 1807 3423 existimem.
1851 3380 2003 3422 nam
2039 3355 2315 3423 nimium
2357 3357 2516 3422 haec
2552 3357 2711 3422 urbs
2750 3357 2941 3423 dista-

435 3584 561 3640 Lixi
597 3585 750 3640 urbis
779 3585 1108 3642 memoriam
1134 3586 1395 3644 revocavi
1424 3605 1453 3642 e
1481 3586 1666 3642 Plinio
1698 3587 1770 3657 (V
1803 3589 1856 3657 1)
1884 3588 1944 3641 et
1972 3586 2257 3656 Stephano
2285 3587 2557 3656 Byzantio
2585 3589 2652 3659 (s.
2673 3605 2724 3643 v.
2745 3586 2940 3658 Λύγξ).

432 3673 689 3743 Denique
736 3675 811 3729 ad
849 3674 1060 3746 Calpen
1106 3678 1166 3731 et
1201 3677 1424 3747 Abylen
1468 3679 1687 3731 montes
1734 3675 2113 3731 necessarium
2152 3679 2240 3731 est
2284 3678 2614 3745 referamne,
2662 3693 2805 3744 quae
2844 3676 2942 3730 ad-

433 3763 642 3818 duntur
670 3765 821 3834 apud
851 3765 1139 3835 Scylacem
1175 3767 1341 3820 haec:
1383 3765 1419 3835 ἡ
1457 3764 1560 3836 μὲν
1597 3765 1659 3821 ἐν
1693 3773 1763 3837 τῇ
1798 3763 1981 3838 Λιβύῃ
2018 3763 2275 3833 ταπεινή,
2313 3764 2348 3834 ἡ
2386 3763 2449 3819 δὲ
2489 3764 2551 3819 ἐν
2585 3773 2655 3837 τῇ
2693 3765 2940 3837 Εὐρώπῃ

438 3853 628 3924 ὑψηλή
641 3876 653 3908 :
713 3854 924 3910 etenim
968 3870 1145 3925 prope
1191 3853 1521 3909 hodiernam
1560 3855 1851 3910 Gibraltar
1890 3855 2085 3911 Parata
2128 3855 2194 3910 de
2229 3854 2467 3924 Europa
2513 3854 2628 3909 alte
2674 3856 2733 3908 in
2779 3871 2942 3910 auras

435 3942 720 3998 attollitur
756 3947 1006 4015 (425m.)‚
1047 3961 1174 3998 cum
1212 3943 1309 4013 qui
1346 3943 1406 3998 in
1435 3943 1645 4013 Libyae
1675 3959 1775 3997 ora
1809 3942 2034 3998 obiacet
2069 3941 2230 3998 collis
2266 3944 2354 3999 del
2385 3943 2539 3998 Acho
2574 3941 2741 3998 hodie
2778 3959 2943 3998 voca-

432 4033 524 4086 tus
568 4048 640 4087 ne
688 4031 984 4087 dimidiam
1031 4033 1256 4103 quidem
1302 4032 1619 4089 altitudinis
1672 4035 1892 4104 partem
1929 4034 2260 4103 assequatur
2298 4034 2423 4101 (194
2442 4033 2554 4102 m.).
2627 4033 2835 4088 Contra
2879 4033 2940 4087 in

434 4119 679 4176 Gadium
721 4120 933 4178 vicinia
977 4139 1136 4177 mons
1192 4122 1419 4178 omnino
1464 4139 1577 4179 non
1621 4121 1925 4178 invenitur.
1998 4121 2083 4177 De
2130 4121 2403 4177 distantia
2430 4138 2580 4201 *vero
2635 4122 2739 4177 illa
2787 4122 2938 4176 iusto

434 4208 648 4265 maiore
696 4227 762 4265 ex
809 4228 922 4280 qua
968 4210 1178 4281 egressi
1224 4229 1414 4267 sumus
1468 4213 1637 4283 plane
1685 4210 1963 4266 assentior
2000 4210 2080 4267 eis
2118 4227 2263 4279 quae
2299 4210 2534 4267 Mueller
2570 4210 2830 4281 exposuit
2866 4209 2941 4266 ad

434 4297 681 4368 Scylaois
720 4304 751 4364 ξ
783 4305 811 4353 1
849 4300 895 4367 (Ι
931 4318 988 4370 p.
1020 4302 1126 4368 15).

617 4390 667 4457 1)
708 4385 901 4442 Simile
946 4388 1082 4457 quid
1128 4387 1189 4441 in
1225 4388 1426 4444 Avieni
1473 4405 1548 4446 or.
1604 4409 1675 4446 m.
1715 4407 1806 4445 vv.
1839 4395 1957 4444 162.
1997 4393 2100 4443 562
2151 4388 2515 4443 statuendum
2552 4404 2674 4443 esse
2722 4388 2941 4443 censuit

434 4476 905 4543 Muellenhoffius,
946 4478 1216 4534 Deuteche
1250 4479 1766 4536 Alterthumskunde
1803 4479 1826 4532 I
1872 4497 1927 4548 p.
1966 4485 2063 4532 144
2084 4477 2212 4531 adn.
2286 4477 2452 4532 Cadit
2486 4492 2619 4531 vero
2658 4475 2776 4531 eius
2817 4495 2938 4533 sen-

431 4563 617 4620 tentia
663 4582 789 4621 eam
835 4566 908 4622 ob
966 4582 1220 4633 causam,
1276 4569 1430 4636 quod
1473 4568 1745 4623 Punicum
1791 4568 2007 4623 fontem
2053 4568 2126 4622 ab
2164 4566 2379 4622 Avieno
2426 4585 2540 4623 non
2592 4568 2937 4639 exscriptum

433 4670 555 4709 esse
591 4656 853 4724 probavit
890 4654 1315 4710 Gutsohmidius
1352 4656 1492 4710 Litt.
1534 4656 1895 4713 Centralblatt
1933 4662 2066 4711 1871
2107 4675 2162 4727 p.
2194 4654 2411 4729 524s25.
