3467 5334
515 408 600 471 10
1630 404 1816 477 Caput
1850 404 1891 461 Ι.
1987 490 1992 497 .

504 572 819 636 diversam
857 572 941 635 ab
978 571 1289 636 hodierna
1323 571 1576 653 Merdja
1611 569 1750 635 Ras
1785 569 2076 634 ed-Dura
2111 590 2215 633 res
2251 568 2396 653 ipsa
2430 568 2722 652 loquitur
2735 565 2805 654 1).
2876 566 3013 634 Iam

502 701 653 744 vero
710 679 857 743 inde
905 677 1370 744 consectarium
1435 683 1533 743 est
1542 729 1561 762 ‚
1619 676 1888 742 Crathin
1946 698 2020 740 eo
2075 675 2219 741 loco
2282 698 2611 762 egressum
2668 698 2834 759 esse,
2898 676 3015 740 ubi

502 785 692 850 hodie
750 785 1078 871 egreditur
1148 787 1272 854 Ued
1325 783 1510 868 δἐὂιι,
1580 783 1691 868 qui
1750 783 1924 847 solus
1959 805 2133 871 lcum
2190 782 2305 847 illo
2360 783 2505 848 lacu
2560 804 2844 847 conexus
2899 788 3014 847 est.

502 893 677 970 Quae
733 893 789 957 si
844 896 1016 956 recte
1074 892 1404 977 disputata
1459 895 1637 974 sunt,
1702 891 1780 954 de
1835 889 2045 974 ipsius
2101 911 2357 974 quoque
2403 888 2829 973 Thymiaterii
2884 890 3014 954 situ

504 999 826 1063 dubitatio
863 997 1142 1083 amplius
1183 1022 1320 1064 esse
1358 999 1611 1084 nequit:
1656 997 2015 1062 necessario
2056 997 2492 1081 quaerendum
2530 1000 2646 1082 est,
2691 996 2808 1061 ubi
2844 1019 3016 1062 nunc

500 1106 682 1171 vicus
726 1110 964 1189 exstat,
1019 1106 1122 1170 cui
1174 1106 1243 1170 in
1288 1106 1548 1191 mappis
1593 1127 1831 1169 nomen
1876 1104 2274 1189 adscriptum
2319 1103 2598 1189 legimus
2643 1102 3015 1190 Mehedia2).

502 1213 877 1278 Tradiderat
950 1212 1183 1278 Hanno
1202 1265 1220 1299 ,
1306 1213 1426 1278 sub
1499 1211 1941 1297 Thymiaterio
2025 1212 2268 1296 oppido
2352 1234 2654 1297 magnam
2727 1210 3014 1295 patuisse

503 1320 868 1405 planitiem:
929 1320 1284 1386 Mehediam
1339 1320 1483 1385 loco
1540 1319 1807 1385 sublimi
1863 1319 2239 1403 impositam
2293 1319 2648 1402 peramplis
2700 1317 3015 1382 dominari

504 1428 750 1511 campis
814 1427 1133 1492 Tissotius
1207 1426 1275 1515 (l.
1340 1427 1380 1493 l.
1447 1452 1509 1512 p.
1576 1425 1739 1514 227)
1814 1425 2117 1511 exponit,
2191 1425 2377 1490 testis
2442 1425 2795 1510 oculariuS‚
2869 1448 3016 1491 cum

506 1535 711 1599 dicat:
785 1534 1109 1618 ‘Mehdiya
1183 1539 1280 1599 est
1351 1535 1412 1599 le
1487 1534 1628 1600 seul
1699 1533 1888 1618 point
1962 1534 2039 1597 de
2111 1534 2176 1596 la
2239 1537 2382 1597 cote
2448 1532 2838 1598 occidentale
2905 1533 3016 1617 qui

506 1641 761 1706 domine
817 1664 941 1706 une
998 1641 1240 1728 grande
1296 1642 1540 1726 plaine3
1607 1642 1692 1705 du
1749 1641 2011 1725 plateau
2069 1640 2297 1724 qu’elle
2364 1661 2604 1724 occupe
2667 1640 2730 1704 le
2784 1640 3017 1727 regard

505 1749 832 1813 embrasse
896 1748 1249 1813 l'immense
1316 1748 1536 1813 bassin
1601 1749 1686 1812 du
1751 1746 1973 1813 Sbou?
2078 1746 2257 1812 Idem
2321 1746 2524 1832 addit,
2588 1746 2795 1831 ipsius
2858 1747 3019 1813 Sebu

505 1855 790 1920 fluminis
838 1855 1078 1919 ostium
1125 1854 1447 1939 optimum
1495 1855 1819 1939 quondam
1858 1853 2142 1919 effecisse
2181 1858 2471 1937 portum:
2519 1852 2893 1919 ‘L'estuaire
2931 1855 3016 1919 du

507 1961 708 2027 Sbou'
770 1961 985 2046 inquit
1050 1961 1476 2046 ‘aujourd'hui
1541 1962 1805 2026 ensable
1870 1961 2133 2025 formait
2188 1960 2236 2024 il
2290 1985 2332 2044 y
2389 1982 2428 2024 a
2481 1960 2645 2025 trois
2699 1961 2924 2026 siecles
2978 1965 3018 2025 a

505 2069 697 2153 peine
744 2093 832 2134 un
870 2069 980 2134 des
1018 2070 1167 2153 plus
1206 2069 1418 2134 beaux
1454 2072 1641 2153 ports
1678 2068 1764 2132 du
1800 2067 2067 2153 littoral,
2115 2090 2234 2132 son
2277 2068 2712 2132 embouchure
2749 2068 3017 2151 pouvait

506 2176 753 2241 abriter
813 2177 923 2242 des
977 2178 1195 2242 flottes
1252 2176 1529 2241 entieres
1586 2176 1744 2240 dans
1800 2198 1903 2240 ses
1956 2179 2171 2239 vastes
2226 2173 2466 2259 replis?
2555 2173 2654 2239 Ac
2700 2173 3018 2260 similiter,

506 2287 579 2348 ut
617 2307 651 2348 e
687 2284 1093 2349 nostratibus
1122 2307 1323 2348 unum
1351 2283 1704 2348 alterumve
1742 2282 2016 2368 laudem,
2050 2282 2387 2346 Rohlfsius
2399 2279 2453 2368 3)
2492 2286 2558 2346 et
2587 2280 3017 2369 Gonringus4)

508 2391 703 2455 situm
756 2390 952 2456 huius
1004 2391 1130 2456 loci
1186 2391 1267 2455 ad
1323 2390 1703 2455 commercia
1757 2386 2073 2454 nectenda
2129 2387 2760 2472 dominationemque
2815 2388 3018 2453 totius

508 2520 655 2562 orae
703 2497 1122 2563 obtinendam
1161 2498 1484 2584 insignem
1531 2497 1600 2561 in
1637 2497 1901 2561 modum
1939 2495 2426 2560 accomodatum
2464 2517 2603 2559 esse
2649 2494 2934 2559 iudicant
2947 2494 3017 2583 5).

651 2605 1002 2682 ‘Quoniam
1048 2605 1253 2691 igitur
1301 2605 1378 2669 de
1414 2606 1536 2669 hac
1573 2605 1787 2689 prima
1832 2603 2085 2669 colonia
2131 2603 2303 2668 inter
2346 2624 2466 2666 nos
2511 2603 2828 2689 convenit,
2874 2625 3018 2687 pro-

506 2713 683 2777 tinus
721 2735 1191 2797 prosequamur
1226 2712 1643 2778 Hannonem!
1719 2711 1843 2789 Qui
1881 2711 1976 2775 ita
2012 2710 2231 2798 pergit
2266 2708 2475 2793 loqui:
2522 2710 2818 2774 Κᾶπειτα
2853 2712 3019 2791 πρὸς

507 2818 792 2906 ἑσπέραν
856 2818 1262 2905 ἀναχθέντες
1317 2819 1424 2886 ἐπὶ
1479 2823 1855 2903 Σολόεντα,
1904 2821 2207 2902 Λιβυκὸν
2273 2816 2717 2903 ἀκρωτήριον,
2783 2816 3018 2883 λάσιον

508 2924 816 3013 δένδρεσι
846 2910 1292 3013 συνήλθομεν.
1364 2926 1849 2991 Laborantibus
1875 2925 2069 2991 nobis
2100 2929 2165 2990 et
2192 2946 2561 2990 mensuram
2588 2925 2670 2989 ab
2700 2924 3017 2989 Hannone

686 3142 739 3209 1)
787 3138 856 3197 cf.
908 3138 1146 3194 Mueller
1199 3157 1251 3210 9.
1305 3157 1388 3212 qr.
1445 3157 1515 3194 m.
1563 3140 1588 3193 I
1633 3157 1689 3208 p.
1738 3145 1788 3194 2.
1836 3143 1902 3193 91
1951 3137 2180 3206 Rohlfs,
2247 3139 2408 3195 Mein
2461 3143 2628 3194 erster
2683 3138 3018 3205 Aufenthalt

503 3230 569 3283 in
604 3228 876 3284 Marokko
893 3229 930 3297 ³,
980 3234 1117 3285 1885
1164 3248 1217 3298 p.
1257 3235 1387 3295 370,
1435 3227 1681 3298 Conring
1725 3247 1783 3299 p.
1821 3235 1914 3296 473
1965 3227 2275 3283 Tissotium
2322 3231 2400 3300 (p.
2442 3230 2564 3298 197)
2611 3229 2669 3281 et
2714 3225 3014 3282 Vivienum

508 3318 576 3372 de
617 3317 697 3372 St.
727 3317 936 3373 Martin
972 3320 1052 3388 (p.
1081 3322 1183 3372 351
1206 3320 1309 3386 sq.)
1348 3318 1447 3386 qui
1484 3317 1736 3373 oblocuti
1775 3319 1921 3385 sunt,
1959 3316 2108 3371 infra
2143 3317 2421 3373 refutabo,

685 3409 740 3477 2)
780 3407 849 3462 cf.
879 3406 1114 3461 Mueller
1140 3425 1195 3476 p.
1217 3413 1267 3461 2.
1304 3407 1547 3462 Knoetel
1572 3426 1627 3476 p.
1651 3414 1754 3465 17..
1775 3406 1964 3461 Tissot
1989 3425 2045 3476 p.
2075 3412 2199 3462 225.
2252 3406 2428 3461 Treve
2455 3423 2512 3476 p.
2535 3412 2617 3460 13.
2657 3405 2918 3461 Ceterum
2947 3405 3017 3459 de

512 3497 728 3568 Tanyer
772 3496 910 3551 urbe
957 3494 1358 3565 cogitaverunt
1392 3495 1738 3551 Gesselinius
1783 3514 1837 3565 p.
1880 3501 1965 3551 65.
2019 3512 2124 3549 nec
2169 3512 2285 3549 non
2331 3494 2452 3550 eius
2497 3494 2774 3564 asseclae3
2823 3494 2893 3549 de
2938 3494 3023 3549 El

504 3586 747 3642 Araisch
782 3586 990 3656 oppido
1030 3582 1359 3652 Hem-euius,
1395 3584 1564 3640 Ideen
1604 3585 1655 3637 II
1681 3572 1746 3654 p.
1779 3590 1906 3650 5193
1947 3586 2013 3640 de
2041 3585 2232 3640 Rabat
2257 3585 2511 3655 Klugeus
2548 3586 2650 3656 (ed.
2673 3602 2793 3655 per.
2823 3604 2876 3655 p.
2911 3589 3020 3654 19),

504 3673 778 3730 Vivienue
816 3674 885 3729 de
924 3673 1003 3728 St.
1033 3673 1241 3728 Martin
1277 3692 1331 3742 p.
1362 3679 1484 3742 357,
1523 3672 1756 3727 Entzius
1792 3691 1847 3742 p.
1880 3679 1972 3741 143
2012 3673 2081 3727 de
2120 3674 2403 3744 Masayan
2437 3673 2560 3728 Mer
2596 3691 2651 3743 p.
2682 3679 2767 3729 24.

686 3766 741 3833 3)
780 3762 850 3820 cf.
878 3783 932 3834 p.
956 3769 1088 3817 371:
1144 3761 1284 3816 ‘Auf
1324 3760 1508 3816 einem
1554 3762 1745 3817 hohen
1781 3762 1995 3832 Hfigel,
2043 3762 2143 3816 der
2188 3762 2280 3818 die
2318 3762 2643 3817 fruchtbare
2679 3763 2826 3817 nach
2862 3761 3020 3817 Nord

388 3862 391 3867 '
507 3852 623 3906 und
662 3852 778 3905 Stid
816 3852 938 3906 sich
975 3851 1109 3906 weit
1146 3851 1542 3907 ausdehnende
1582 3850 1773 3906 Ebene
1819 3852 2176 3921 beherrscht‚
2232 3852 2376 3921 liegt
2427 3852 2526 3905 das
2562 3851 2706 3906 Dorf
2736 3850 3018 3919 Mehedia,

507 3941 608 3995 das
647 3940 831 3996 seiner
866 3940 1352 3996 beherrschenden
1388 3941 1540 4012 Lage
1579 3958 1779 4011 wegen
1815 3940 1965 3996 eiust
1998 3941 2254 4010 machtig
2289 3957 2406 3994 war
2443 3939 2556 3994 und
2595 3939 2773 3995 leicht
2807 3939 3018 3995 wieder

508 4048 574 4084 zu
613 4029 768 4085 einer
804 4030 1129 4085 blt'ihenden
1166 4030 1331 4085 Stadt
1365 4032 1634 4100 gemacht
1666 4032 1895 4085 werden
1929 4031 2181 4084 konnte)

686 4123 741 4190 4)
790 4120 859 4174 cf.
906 4138 960 4189 p.
992 4118 1177 4191 47s48:
1238 4119 1426 4175 ‘Diese
1474 4120 1640 4191 Stadt
1694 4119 1885 4174 wurde
1940 4118 2116 4173 durch
2177 4118 2288 4174 den
2341 4119 2676 4174 berfihmten
2719 4118 2754 4173 J
2758 4118 3020 4173 acub-el-

507 4209 739 4262 Mansur
792 4207 1134 4278 gegriindet‚
1191 4208 1291 4264 der
1343 4210 1404 4264 in
1452 4209 1724 4279 richtiger
1770 4207 2109 4263 Erkenntnis
2165 4208 2264 4263 der
2299 4207 2681 4279 Wichtigkeit
2726 4208 2825 4263 des
2873 4207 3019 4263 viele

505 4298 817 4354 Kilometer
863 4295 1201 4352 schiffbaren
1249 4297 1420 4368 Sebu,
1478 4298 1647 4354 sowie
1695 4296 1842 4352 auch
1893 4298 1995 4352 der
2049 4297 2556 4368 ausgezeichneten
2608 4296 3020 4367 strategischen

507 4386 767 4442 Position
814 4382 913 4441 des
961 4386 1124 4443 Ortes
1170 4386 1365 4443 diesen
1401 4386 1812 4456 Knotenpunkt
1857 4386 1955 4441 der
2001 4386 2445 4458 Hauptstrassen
2492 4387 2651 4442 stark
2696 4386 3020 4453 befestigte.

508 4477 580 4531 cf.
618 4477 822 4545 Africa
863 4476 1014 4531 Pilot
1050 4493 1113 4532 or
1146 4479 1270 4533 sail.
1310 4479 1495 4533 direct.
1534 4478 1577 4545 f.
1615 4478 1702 4532 the
1735 4482 1865 4531 west
1901 4482 2051 4533 coast
2086 4479 2154 4545 of
2180 4480 2310 4543 Asr.
2349 4477 2375 4530 I
2409 4495 2464 4546 p.
2506 4483 2590 4531 53.

690 4568 744 4635 5)
784 4567 1263 4620 Commemoratur
1306 4566 1447 4620 haec
1502 4563 1725 4620 colonia
1775 4565 1947 4620 etiam
2000 4567 2152 4635 apud
2199 4566 2545 4636 Stephanum
2584 4564 2710 4633 Byz.
2743 4581 2786 4620 s.
2812 4582 2885 4632 v„
2924 4563 3022 4633 qui

511 4653 776 4708 similiter
812 4657 981 4723 atque
1020 4654 1222 4724 Scylax
1257 4652 1700 4724 Thymiateriam
1736 4670 1861 4708 eam
1898 4658 2081 4711 vocat.
