3467 5334
634 317 764 380 llO
1723 314 1910 385 Caput
1944 313 2038 371 111.

622 478 795 543 enim
833 482 1089 565 quaeso,
1137 479 1310 564 quod
1348 501 1544 562 supra
1588 478 1803 543 tribus
1839 479 2056 543 verbis
2094 478 2332 563 monui,
2368 476 2477 542 VI.
2508 501 2561 543 a.
2591 477 2735 542 Chr.
2778 500 2838 542 n.
2878 477 3132 542 saeculo

626 585 883 652 Graecis
946 588 1162 652 nautis
1227 585 1708 671 navigationem
1773 587 1853 650 ad
1906 586 2293 671 Hispaniam
2358 589 2422 648 et
2476 585 2785 650 finitimas
2841 584 3134 649 civitates

622 692 898 759 liberam
944 694 1159 759 fuisse.

801 800 1264 866 Verumtamen
1338 823 1500 885 quae
1574 801 1788 885 prisca
1851 801 1965 864 illa
2028 804 2238 864 aetate
2311 803 2644 884 comperta
2706 798 3136 878 habebantur,

624 906 848 992 iniquo
914 908 1050 972 fato
1113 908 1345 973 accidit
1411 912 1484 972 ut
1537 930 1669 972 non
1723 909 1817 973 ita
1872 909 2078 973 multo
2134 911 2313 991 post,
2369 929 2515 971 cum
2571 905 3136 992 Carthaginienses

625 1014 821 1079 maris
857 1015 1236 1100 Tyrrhenici
1274 1018 1340 1079 et
1375 1014 1611 1079 Iberici
1650 1015 1996 1099 imperium
2033 1014 2436 1099 invasissent,
2483 1014 2808 1079 oblivione
2846 1018 3136 1100 tegeren-

624 1125 749 1186 tur.
848 1121 1074 1208 Itaque
1119 1145 1250 1187 non
1304 1122 1534 1206 habea,
1590 1144 1703 1186 cur
1756 1120 2133 1187 Herodoti
2191 1125 2456 1205 stupeas
2510 1121 2969 1208 ignorantiam,
3025 1118 3137 1204 qui

624 1228 1014 1312 paucissima
1078 1229 1155 1292 de
1222 1228 1599 1293 occidentali
1653 1229 1863 1313 Libya
1916 1229 2181 1294 tradidit
2237 1251 2438 1312 eaque
2493 1233 2605 1293 aut
2661 1229 2970 1315 ambigua
3025 1231 3138 1290 aut

626 1339 848 1421 aperte
886 1336 1067 1421 falsa,
1110 1335 1313 1401 veluti
1351 1334 1641 1401 Soloenti
1682 1336 2135 1422 promunturio
2174 1335 2469 1420 ineptum
2507 1334 2861 1431 assignavit
2898 1333 3140 1418 locum3

627 1465 790 1527 quae
853 1448 1071 1508 autem
1126 1445 1203 1508 de
1257 1443 1648 1530 populorum
1704 1445 1968 1509 sedibus
2025 1447 2243 1508 narrat
2301 1446 2366 1507 et
2421 1441 2738 1527 moribus,
2803 1441 3138 1527 Carthagi-

623 1550 959 1616 niensibus
1005 1574 1072 1616 se
1131 1551 1364 1615 debere
1418 1550 1560 1636 ipse
1616 1551 1874 1635 saepius
1928 1551 2272 1636 profitetur
2330 1548 2454 1637 (IV
2489 1552 2594 1614 42.
2632 1551 2737 1614 43.
2780 1550 2924 1614 184.
2968 1546 3155 1636 196),

528 1674 533 1679 ’
802 1658 1176 1722 Transimus
1239 1657 1319 1720 ad
1379 1656 1799 1743 Scylacem,
1864 1657 2046 1722 cuius
2112 1655 2612 1741 descriptionem
2675 1679 2875 1741 supra
2929 1656 3143 1741 perlu-

625 1764 995 1829 stravimus:
1042 1764 1365 1850 apparuit,
1411 1765 1652 1828 frustra
1688 1764 1929 1829 multos
1967 1787 2041 1829 ea
2077 1764 2146 1828 in
2182 1787 2250 1828 re
2290 1763 2649 1847 desudasse,
2698 1768 2770 1827 ut
2810 1763 3145 1828 confusam

626 1872 763 1936 eius
836 1872 1216 1938 relationem
1289 1896 1326 1935 a
1394 1872 1692 1937 Muelleri
1766 1872 1996 1959 iurgiis
2071 1872 2501 1936 defenderent.
2615 1870 2852 1936 Caveas
2925 1875 3145 1935 autem

627 2001 892 2066 quaeso,
946 2003 1027 2044 ne
1084 2003 1230 2044 cum
1287 1978 1599 2043 Muellero
1661 1983 1869 2043 totam
1923 1980 2088 2044 hanc
2144 1979 2629 2065 paragraphum
2684 1979 2902 2065 010138,
2960 1978 3141 2064 quasi

621 2088 979 2172 posteriore
1031 2089 1289 2152 demum
1313 2091 1547 2151 aetate
1594 2086 1852 2151 aliunde
1898 2086 2147 2150 adnexa
2193 2085 2303 2151 sit:
2359 2087 2721 2171 posteriora
2768 2086 2941 2151 enim
2986 2090 3144 2150 tem-

623 2216 786 2278 pora
839 2195 1246 2260 subindicare
1301 2194 1806 2280 geographicam
1854 2198 2263 2259 narratorum
2308 2194 2651 2279 rationem3
2705 2217 2838 2260 non
2882 2193 3139 2259 novisse

623 2302 1007 2387 scriptorem
1051 2302 1297 2386 Libyae
1354 2324 1533 2366 oram
1586 2303 1714 2367 nisi
1770 2324 1973 2387 usque
2029 2302 2110 2365 ad
2154 2300 2392 2366 Lixum
2446 2302 2716 2366 fluvium
2754 2306 2835 2366 -et
2880 2300 3147 2365 initium

624 2408 887 2495 deserti,
943 2432 1089 2474 cum
1135 2409 1367 2473 ultimo
1415 2414 1634 2474 autem
1679 2410 1892 2475 litoris
1937 2409 2215 2475 termino
2264 2410 2705 2493 composuisse
2753 2432 2901 2473 eum
2948 2407 3146 2472 etiam

627 2513 876 2579 Cernen
940 2514 1242 2599 insulam,
1310 2514 1386 2578 de
1453 2516 1633 2580 cuius
1699 2517 1829 2581 situ
1896 2517 2194 2582 similiter
2249 2538 2322 2580 ac
2377 2517 2455 2580 de
2515 2515 3147 2603 Carthaginiensium

623 2625 984 2689 mercatura
1029 2644 1261 2707 parum
1306 2626 1604 2686 accurata
1648 2627 1976 2688 auctorem
2023 2623 2127 2688 vel
2174 2619 2496 2705 accepisse
2542 2623 2644 2687 vel
2679 2623 2961 2689 finxisse.
3045 2621 3147 2686 Ita

622 2730 911 2795 Mueller.
1001 2729 1093 2794 At
1144 2729 1618 2795 dubitationem
1662 2754 1795 2796 non
1840 2731 2134 2797 relictam
2180 2753 2320 2794 esse
2368 2730 2585 2813 credo,
2642 2730 2800 2814 quin
2846 2731 3006 2794 haec
3054 2729 3146 2792 in-

623 2837 789 2902 iuria
834 2838 1210 2903 criminetur
1246 2838 1324 2902 de
1364 2836 1626 2922 Scylace
1673 2839 1774 2902 vir
1818 2838 1928 2902 ille
1976 2836 2412 2902 doctissimus:
2457 2859 2609 2900 nam
2655 2836 2711 2901 si
2750 2836 3022 2911 discedis
3060 2835 3145 2899 ab

628 2944 744 3009 illo
783 2968 996 3011 errore
1033 2944 1241 3029 ipsius
1280 2943 1618 3028 scriptoris
1654 2945 2030 3009 festinantia
2067 2949 2132 3010 et
2159 2943 2574 3030 neglegentia
2600 2949 2773 3030 nato,
2810 2943 3147 3030 aptissime

628 3052 844 3115 omnia
900 3053 1324 3117 conciliantur
1379 3074 1527 3116 cum
1575 3052 1888 3116 hodierno
1934 3075 2150 3117 rerum
2198 3054 2389 3116 statu.
2482 3050 2667 3127 Quod
2710 3074 2861 3116 vero
2911 3050 3148 3135 Scylax

626 3159 831 3222 multa
876 3161 1148 3244 praebet
1197 3182 1360 3244 quae
1407 3160 1697 3245 alioquin
1743 3184 1875 3225 non
1919 3161 2253 3247 leguntur,
2311 3159 2468 3223 adeo
2515 3181 2648 3223 non
2694 3157 2977 3242 suspicio
3023 3157 3146 3220 hac

626 3265 695 3329 in
735 3289 802 3331 re
841 3268 1085 3352 subest,
1131 3272 1205 3331 ut
1246 3282 1438 3352 quam
1475 3269 1877 3353 praeclarum
1917 3268 2331 3353 exscripserit
2368 3267 2616 3331 fontem
2655 3288 3146 3353 cognoscamus:

626 3372 702 3435 de
752 3396 879 3457 quo
925 3397 1083 3438 num
1130 3374 1367 3439 certius
1413 3376 1623 3459 possit
1678 3375 2036 3441 existimari
2092 3374 2417 3459 inquirere
2472 3374 2639 3438 tanti
2685 3374 2979 3459 profecto
3028 3377 3144 3436 est.

802 3480 1152 3546 Difficilius
1207 3486 1426 3546 autem
1481 3504 1675 3565 quam
1731 3483 2065 3567 quaeritur
2109 3480 2554 3566 respondetur.
2646 3481 2978 3547 Debemus
3025 3481 3147 3545 dis-

624 3586 985 3669 putationis
1042 3586 1302 3651 initium
1356 3587 1505 3651 inde
1560 3593 1881 3681 repetere,
1945 3594 2018 3654 ut
2074 3593 2461 3673 statuamuS,
2517 3611 2664 3653 eum
2719 3588 3149 3673 posteriorem

627 3715 767 3757 esse
839 3692 1157 3758 Hannone
1183 3691 1269 3780 ¹):
1343 3693 1582 3758 etenim
1664 3699 2249 3761 commemorantur
2320 3694 2760 3779 Thymiateria
2834 3697 2992 3761 urbs
3065 3695 3148 3759 ab

628 3797 947 3865 Hannone
995 3802 1253 3866 demum
1299 3801 1559 3866 condita
1605 3803 1670 3867 et
1718 3826 1882 3887 quae
1930 3802 2262 3890 incognita
2306 3802 2434 3866 fuit
2475 3806 2623 3867 ante
2664 3802 3148 3889 Carthaginien-

628 3906 795 3971 sium
850 3908 1332 3991 expeditionem
1381 3908 1581 3973 Cerne
1637 3910 1874 3995 insula;
1931 3909 2174 3974 accedit
2231 3908 2405 3992 quod
2456 3908 2832 3994 depingitur
2876 3932 2988 3973 ara
3032 3909 3148 3973 illa

625 4035 664 4077 a
711 4013 1341 4100 Carthaginiensium
1395 4016 1788 4102 imperatore
1834 4016 2147 4102 Neptuno
2204 4015 2529 4100 quondam
2575 4020 2886 4081 extructa.
2979 4015 3147 4093 Quo-

627 4142 773 4186 cum
838 4122 1166 4207 convenit,
1232 4124 1406 4208 quod
1459 4147 1606 4190 cum
1660 4124 1944 4209 Scylacis
2000 4127 2223 4187 auctor
2279 4121 2609 4188 occiduam
2662 4122 2911 4207 Libyae
2968 4145 3148 4188 oram

625 4229 1219 4315 praeternavigaret
1276 4229 1840 4317 Carthaginienses
1904 4231 1973 4294 in
2030 4228 2230 4293 Cerne
2295 4229 2508 4295 insula
2564 4230 2944 4294 commercia
3002 4252 3149 4294 cum

626 4335 1069 4401 adiacentibus
1105 4335 1352 4420 Libyae
1398 4339 1662 4423 populis
1705 4337 1837 4401 iam
1870 4339 2228 4401 nexuerant
2266 4340 2330 4400 et
2368 4340 2764 4401 mercaturae
2802 4336 3146 4401 celebritas

809 4567 863 4636 1)
900 4565 969 4622 cf.
1010 4564 1222 4622 Goebel
1260 4566 1296 4622 l.
1326 4567 1363 4620 l.
1402 4584 1454 4636 p.
1488 4569 1553 4619 13
1577 4584 1657 4637 sq.
