<?xml version="1.0" encoding="UTF-8"?>
<!DOCTYPE html PUBLIC "-//W3C//DTD XHTML 1.0 Transitional//EN"
    "http://www.w3.org/TR/xhtml1/DTD/xhtml1-transitional.dtd">
<html xmlns="http://www.w3.org/1999/xhtml" xml:lang="en" lang="en">
 <head>
  <title>
</title>
<meta http-equiv="Content-Type" content="text/html;charset=utf-8" />
  <meta name='ocr-system' content='tesseract 3.04.00' />
  <meta name='ocr-capabilities' content='ocr_page ocr_carea ocr_par ocr_line ocrx_word'/>
</head>
<body>
  <div class='ocr_page' id='page_1' title='image "./dehannoniscarth00fiscgoog_0064.png"; bbox 0 0 3467 5334; ppageno 0'>
   <div class='ocr_carea' id='block_1_1' title="bbox 575 333 1960 420">
    <p class='ocr_par' dir='ltr' id='par_1_1' title="bbox 575 333 1960 420">
     <span class='ocr_line' id='line_1_1' title="bbox 575 333 1960 420; baseline -0.009 -22"><span class='ocrx_word' id='word_1_1' title='bbox 575 334 661 398; x_wconf 84' lang='grc'>56</span> <span class='ocrx_word' id='word_1_2' title='bbox 772 412 780 420; x_wconf 18' lang='grc' dir='ltr'>ἱ</span> <span class='ocrx_word' id='word_1_3' title='bbox 1697 333 1884 403; x_wconf 80' lang='lat' dir='ltr'>Caput</span> <span class='ocrx_word' id='word_1_4' title='bbox 1919 333 1960 385; x_wconf 96' lang='lat' dir='ltr'>I.</span> 
     </span>
    </p>
   </div>
   <div class='ocr_carea' id='block_1_2' title="bbox 849 495 2704 904">
    <p class='ocr_par' dir='ltr' id='par_1_2' title="bbox 849 495 2704 904">
     <span class='ocr_line' id='line_1_2' title="bbox 888 495 2704 583; baseline -0.003 -20"><span class='ocrx_word' id='word_1_5' title='bbox 888 497 1296 582; x_wconf 85' lang='lat' dir='ltr'>Adtollitque</span> <span class='ocrx_word' id='word_1_6' title='bbox 1344 497 1578 583; x_wconf 82' lang='lat' dir='ltr'>globos</span> <span class='ocrx_word' id='word_1_7' title='bbox 1623 498 2026 562; x_wconf 89' lang='lat' dir='ltr'>flammarum</span> <span class='ocrx_word' id='word_1_8' title='bbox 2074 501 2139 561; x_wconf 92' lang='lat' dir='ltr'>et</span> <span class='ocrx_word' id='word_1_9' title='bbox 2186 496 2395 561; x_wconf 89' lang='lat' dir='ltr'>sidera</span> <span class='ocrx_word' id='word_1_10' title='bbox 2438 495 2704 579; x_wconf 82' lang='lat' dir='ltr'>lambit3</span> 
     </span>
     <span class='ocr_line' id='line_1_3' title="bbox 889 603 2547 688; baseline -0.002 -18"><span class='ocrx_word' id='word_1_11' title='bbox 889 604 1222 670; x_wconf 85' lang='lat' dir='ltr'>Interdum</span> <span class='ocrx_word' id='word_1_12' title='bbox 1270 603 1573 687; x_wconf 90' lang='lat' dir='ltr'>scopulos</span> <span class='ocrx_word' id='word_1_13' title='bbox 1621 603 1969 688; x_wconf 84' lang='lat' dir='ltr'><strong>avulsaque</strong></span> <span class='ocrx_word' id='word_1_14' title='bbox 2014 603 2258 667; x_wconf 89' lang='lat' dir='ltr'>viscera</span> <span class='ocrx_word' id='word_1_15' title='bbox 2303 603 2547 668; x_wconf 90' lang='lat' dir='ltr'>montis</span> 
     </span>
     <span class='ocr_line' id='line_1_4' title="bbox 888 710 2581 798; baseline -0.002 -21"><span class='ocrx_word' id='word_1_16' title='bbox 888 712 1106 798; x_wconf 87' lang='lat' dir='ltr'>Erigit</span> <span class='ocrx_word' id='word_1_17' title='bbox 1154 715 1450 775; x_wconf 90' lang='lat' dir='ltr'>eructans</span> <span class='ocrx_word' id='word_1_18' title='bbox 1494 711 1972 795; x_wconf 72' lang='lat' dir='ltr'>liquefactaque</span> <span class='ocrx_word' id='word_1_19' title='bbox 2020 732 2175 774; x_wconf 87' lang='lat' dir='ltr'>saxa</span> <span class='ocrx_word' id='word_1_20' title='bbox 2220 710 2343 774; x_wconf 93' lang='lat' dir='ltr'>sub</span> <span class='ocrx_word' id='word_1_21' title='bbox 2393 732 2581 774; x_wconf 90' lang='lat' dir='ltr'>auras</span> 
     </span>
     <span class='ocr_line' id='line_1_5' title="bbox 849 816 2664 904; baseline -0.001 -23"><span class='ocrx_word' id='word_1_22' title='bbox 849 850 852 853; x_wconf 41' lang='lat'>*</span> <span class='ocrx_word' id='word_1_23' title='bbox 892 817 1054 882; x_wconf 84' lang='lat' dir='ltr'>Cum</span> <span class='ocrx_word' id='word_1_24' title='bbox 1099 817 1347 904; x_wconf 92' lang='lat' dir='ltr'>gemitu</span> <span class='ocrx_word' id='word_1_25' title='bbox 1394 817 1713 903; x_wconf 76' lang='lat' dir='ltr'>glomerat</span> <span class='ocrx_word' id='word_1_26' title='bbox 1758 817 2086 902; x_wconf 86' lang='lat' dir='ltr'>fundoque</span> <span class='ocrx_word' id='word_1_27' title='bbox 2135 821 2469 882; x_wconf 70' lang='lat' dir='ltr'>exaestuat</span> <span class='ocrx_word' id='word_1_28' title='bbox 2515 816 2664 881; x_wconf 89' lang='lat' dir='ltr'>imo.</span> 
     </span>
    </p>
   </div>
   <div class='ocr_carea' id='block_1_3' title="bbox 551 940 3104 4029">
    <p class='ocr_par' dir='ltr' id='par_1_3' title="bbox 551 940 3104 4029">
     <span class='ocr_line' id='line_1_6' title="bbox 579 940 3092 1032; baseline -0.001 -24"><span class='ocrx_word' id='word_1_29' title='bbox 579 943 702 1032; x_wconf 81' lang='lat' dir='ltr'>(Of.</span> <span class='ocrx_word' id='word_1_30' title='bbox 732 942 1125 1027; x_wconf 83' lang='lat' dir='ltr'>Pind.Pyth.</span> <span class='ocrx_word' id='word_1_31' title='bbox 1155 940 1395 1026; x_wconf 68' lang='lat' dir='ltr'>IZOsq.</span> <span class='ocrx_word' id='word_1_32' title='bbox 1458 941 1646 1023; x_wconf 80' lang='lat' dir='ltr'>[Gell.</span> <span class='ocrx_word' id='word_1_33' title='bbox 1675 964 1736 1006; x_wconf 88' lang='lat' dir='ltr'>n.</span> <span class='ocrx_word' id='word_1_34' title='bbox 1759 964 1811 1005; x_wconf 93' lang='grc'>3.</span> <span class='ocrx_word' id='word_1_35' title='bbox 1840 941 2027 1007; x_wconf 92' lang='lat' dir='ltr'><strong>XVII</strong></span> <span class='ocrx_word' id='word_1_36' title='bbox 2048 944 2177 1023; x_wconf 89' lang='lat'>10].</span> <span class='ocrx_word' id='word_1_37' title='bbox 2241 942 2456 1008; x_wconf 85' lang='lat' dir='ltr'>Aetna</span> <span class='ocrx_word' id='word_1_38' title='bbox 2482 945 2610 1008; x_wconf 87' lang='lat'>461</span> <span class='ocrx_word' id='word_1_39' title='bbox 2636 941 2758 1031; x_wconf 90' lang='lat' dir='ltr'>sq.)</span> <span class='ocrx_word' id='word_1_40' title='bbox 2841 942 2939 1007; x_wconf 92' lang='lat' dir='ltr'>De</span> <span class='ocrx_word' id='word_1_41' title='bbox 2987 942 3092 1006; x_wconf 90' lang='lat' dir='ltr'>his</span> 
     </span>
     <span class='ocr_line' id='line_1_7' title="bbox 580 1048 3092 1135; baseline -0.001 -19"><span class='ocrx_word' id='word_1_42' title='bbox 580 1051 883 1116; x_wconf 90' lang='lat' dir='ltr'>omnibus</span> <span class='ocrx_word' id='word_1_43' title='bbox 911 1049 1005 1113; x_wconf 92' lang='lat' dir='ltr'>nil</span> <span class='ocrx_word' id='word_1_44' title='bbox 1034 1050 1207 1133; x_wconf 90' lang='lat' dir='ltr'>apud</span> <span class='ocrx_word' id='word_1_45' title='bbox 1235 1049 1645 1114; x_wconf 86' lang='lat' dir='ltr'>Hannonem!</span> <span class='ocrx_word' id='word_1_46' title='bbox 1680 1048 1820 1114; x_wconf 91' lang='lat' dir='ltr'>Nec</span> <span class='ocrx_word' id='word_1_47' title='bbox 1840 1049 2053 1113; x_wconf 91' lang='lat' dir='ltr'>minus</span> <span class='ocrx_word' id='word_1_48' title='bbox 2081 1049 2526 1135; x_wconf 82' lang='lat' dir='ltr'>improbanda,</span> <span class='ocrx_word' id='word_1_49' title='bbox 2555 1054 2629 1114; x_wconf 92' lang='lat' dir='ltr'>ut</span> <span class='ocrx_word' id='word_1_50' title='bbox 2656 1050 2781 1115; x_wconf 90' lang='lat' dir='ltr'>hoc</span> <span class='ocrx_word' id='word_1_51' title='bbox 2811 1050 2994 1134; x_wconf 84' lang='lat' dir='ltr'>quasi</span> <span class='ocrx_word' id='word_1_52' title='bbox 3023 1049 3092 1113; x_wconf 92' lang='lat' dir='ltr'>in</span> 
     </span>
     <span class='ocr_line' id='line_1_8' title="bbox 581 1153 3093 1243; baseline -0.001 -21"><span class='ocrx_word' id='word_1_53' title='bbox 581 1157 859 1222; x_wconf 91' lang='lat' dir='ltr'>transitu</span> <span class='ocrx_word' id='word_1_54' title='bbox 889 1157 1264 1243; x_wconf 80' lang='lat' dir='ltr'>significem,</span> <span class='ocrx_word' id='word_1_55' title='bbox 1303 1178 1378 1220; x_wconf 94' lang='lat' dir='ltr'>ea</span> <span class='ocrx_word' id='word_1_56' title='bbox 1406 1177 1599 1240; x_wconf 90' lang='lat' dir='ltr'>quam</span> <span class='ocrx_word' id='word_1_57' title='bbox 1628 1154 1923 1239; x_wconf 89' lang='lat' dir='ltr'>plerique</span> <span class='ocrx_word' id='word_1_58' title='bbox 1962 1157 2301 1238; x_wconf 87' lang='lat' dir='ltr'>proferunt</span> <span class='ocrx_word' id='word_1_59' title='bbox 2331 1156 2668 1242; x_wconf 79' lang='lat' dir='ltr'>sententia,</span> <span class='ocrx_word' id='word_1_60' title='bbox 2704 1153 3093 1243; x_wconf 79' lang='lat' dir='ltr'>Bruceum1)</span> 
     </span>
     <span class='ocr_line' id='line_1_9' title="bbox 580 1259 3096 1349; baseline -0.002 -19"><span class='ocrx_word' id='word_1_61' title='bbox 580 1266 943 1347; x_wconf 81' lang='lat' dir='ltr'>laudanteS‚</span> <span class='ocrx_word' id='word_1_62' title='bbox 990 1263 1104 1327; x_wconf 93' lang='lat' dir='ltr'>ubi</span> <span class='ocrx_word' id='word_1_63' title='bbox 1142 1263 1300 1327; x_wconf 88' lang='lat' dir='ltr'>haec</span> <span class='ocrx_word' id='word_1_64' title='bbox 1334 1262 1667 1348; x_wconf 91' lang='lat' dir='ltr'>leguntur:</span> <span class='ocrx_word' id='word_1_65' title='bbox 1717 1259 2099 1345; x_wconf 77' lang='lat' dir='ltr'>‘Aethiopes</span> <span class='ocrx_word' id='word_1_66' title='bbox 2137 1260 2470 1349; x_wconf 85' lang='lat' dir='ltr'>Shangalli</span> <span class='ocrx_word' id='word_1_67' title='bbox 2507 1262 2765 1328; x_wconf 84' lang='lat' dir='ltr'>Africae</span> <span class='ocrx_word' id='word_1_68' title='bbox 2804 1262 3096 1349; x_wconf 88' lang='lat' dir='ltr'>gramina</span> 
     </span>
     <span class='ocr_line' id='line_1_10' title="bbox 583 1368 3096 1455; baseline -0.002 -18"><span class='ocrx_word' id='word_1_69' title='bbox 583 1398 620 1437; x_wconf 88' lang='lat' dir='ltr'>a</span> <span class='ocrx_word' id='word_1_70' title='bbox 676 1372 832 1438; x_wconf 91' lang='lat' dir='ltr'>solis</span> <span class='ocrx_word' id='word_1_71' title='bbox 895 1369 1091 1436; x_wconf 90' lang='lat' dir='ltr'>radiis</span> <span class='ocrx_word' id='word_1_72' title='bbox 1148 1374 1376 1434; x_wconf 84' lang='lat' dir='ltr'>exusta</span> <span class='ocrx_word' id='word_1_73' title='bbox 1439 1368 1793 1432; x_wconf 89' lang='lat' dir='ltr'>incendunt</span> <span class='ocrx_word' id='word_1_74' title='bbox 1849 1373 1914 1433; x_wconf 90' lang='lat' dir='ltr'>et</span> <span class='ocrx_word' id='word_1_75' title='bbox 1968 1368 2037 1432; x_wconf 90' lang='lat' dir='ltr'>hi</span> <span class='ocrx_word' id='word_1_76' title='bbox 2102 1368 2287 1455; x_wconf 88' lang='lat' dir='ltr'>ignes</span> <span class='ocrx_word' id='word_1_77' title='bbox 2342 1370 2706 1435; x_wconf 82' lang='lat' dir='ltr'>incredibili</span> <span class='ocrx_word' id='word_1_78' title='bbox 2769 1369 3096 1435; x_wconf 89' lang='lat' dir='ltr'>celeritate</span> 
     </span>
     <span class='ocr_line' id='line_1_11' title="bbox 551 1474 3097 1564; baseline -0.002 -20"><span class='ocrx_word' id='word_1_79' title='bbox 551 1482 779 1564; x_wconf 73' lang='lat' dir='ltr'>&#39;atque</span> <span class='ocrx_word' id='word_1_80' title='bbox 826 1477 1077 1561; x_wconf 91' lang='lat' dir='ltr'>impetu</span> <span class='ocrx_word' id='word_1_81' title='bbox 1125 1499 1322 1561; x_wconf 87' lang='lat' dir='ltr'>supra</span> <span class='ocrx_word' id='word_1_82' title='bbox 1367 1475 1625 1540; x_wconf 89' lang='lat' dir='ltr'>Africae</span> <span class='ocrx_word' id='word_1_83' title='bbox 1670 1474 2082 1540; x_wconf 91' lang='lat' dir='ltr'>latitudinem</span> <span class='ocrx_word' id='word_1_84' title='bbox 2130 1477 2565 1542; x_wconf 86' lang='lat' dir='ltr'>extenduntur</span> <span class='ocrx_word' id='word_1_85' title='bbox 2612 1482 2677 1542; x_wconf 94' lang='lat' dir='ltr'>et</span> <span class='ocrx_word' id='word_1_86' title='bbox 2719 1478 2864 1543; x_wconf 86' lang='lat' dir='ltr'>loca</span> <span class='ocrx_word' id='word_1_87' title='bbox 2910 1497 3097 1560; x_wconf 90' lang='lat' dir='ltr'>quae-</span> 
     </span>
     <span class='ocr_line' id='line_1_12' title="bbox 584 1580 3097 1672; baseline -0.002 -21"><span class='ocrx_word' id='word_1_88' title='bbox 584 1609 708 1672; x_wconf 92' lang='lat' dir='ltr'>que</span> <span class='ocrx_word' id='word_1_89' title='bbox 782 1584 1127 1669; x_wconf 81' lang='lat' dir='ltr'>invadunt,</span> <span class='ocrx_word' id='word_1_90' title='bbox 1211 1584 1324 1647; x_wconf 91' lang='lat' dir='ltr'>ubi</span> <span class='ocrx_word' id='word_1_91' title='bbox 1400 1582 1719 1646; x_wconf 87' lang='lat' dir='ltr'>exsiccata</span> <span class='ocrx_word' id='word_1_92' title='bbox 1792 1580 2203 1647; x_wconf 87' lang='lat' dir='ltr'>inveniantur</span> <span class='ocrx_word' id='word_1_93' title='bbox 2275 1584 2567 1670; x_wconf 85' lang='lat' dir='ltr'>gramina</span> <span class='ocrx_word' id='word_1_94' title='bbox 2641 1588 2708 1650; x_wconf 93' lang='lat' dir='ltr'>et</span> <span class='ocrx_word' id='word_1_95' title='bbox 2779 1584 3097 1649; x_wconf 85' lang='lat' dir='ltr'>fruticeta.</span> 
     </span>
     <span class='ocr_line' id='line_1_13' title="bbox 579 1690 3099 1779; baseline -0.002 -20"><span class='ocrx_word' id='word_1_96' title='bbox 579 1695 935 1779; x_wconf 91' lang='lat' dir='ltr'>Postquam</span> <span class='ocrx_word' id='word_1_97' title='bbox 1023 1693 1319 1755; x_wconf 89' lang='lat' dir='ltr'>flammae</span> <span class='ocrx_word' id='word_1_98' title='bbox 1412 1690 1627 1755; x_wconf 87' lang='lat' dir='ltr'>omnia</span> <span class='ocrx_word' id='word_1_99' title='bbox 1717 1712 1881 1775; x_wconf 92' lang='lat' dir='ltr'>quae</span> <span class='ocrx_word' id='word_1_100' title='bbox 1973 1693 2126 1754; x_wconf 90' lang='lat' dir='ltr'>sunt</span> <span class='ocrx_word' id='word_1_101' title='bbox 2217 1691 2393 1755; x_wconf 93' lang='lat' dir='ltr'>arida</span> <span class='ocrx_word' id='word_1_102' title='bbox 2474 1691 2553 1755; x_wconf 79' lang='lat' dir='ltr'>in·</span> <span class='ocrx_word' id='word_1_103' title='bbox 2627 1691 2872 1776; x_wconf 88' lang='lat' dir='ltr'>campis</span> <span class='ocrx_word' id='word_1_104' title='bbox 2956 1713 3099 1756; x_wconf 90' lang='lat' dir='ltr'>con-</span> 
     </span>
     <span class='ocr_line' id='line_1_14' title="bbox 583 1797 3100 1885; baseline -0.002 -19"><span class='ocrx_word' id='word_1_105' title='bbox 583 1803 1017 1885; x_wconf 87' lang='lat' dir='ltr'>sumpserunt,</span> <span class='ocrx_word' id='word_1_106' title='bbox 1065 1798 1145 1862; x_wconf 92' lang='lat' dir='ltr'>ad</span> <span class='ocrx_word' id='word_1_107' title='bbox 1181 1799 1500 1863; x_wconf 91' lang='lat' dir='ltr'>montium</span> <span class='ocrx_word' id='word_1_108' title='bbox 1539 1797 1869 1863; x_wconf 89' lang='lat' dir='ltr'>cacumina</span> <span class='ocrx_word' id='word_1_109' title='bbox 1907 1797 2257 1862; x_wconf 80' lang='lat' dir='ltr'>escendunt</span> <span class='ocrx_word' id='word_1_110' title='bbox 2295 1802 2361 1862; x_wconf 92' lang='lat' dir='ltr'>et</span> <span class='ocrx_word' id='word_1_111' title='bbox 2397 1798 2679 1883; x_wconf 89' lang='lat' dir='ltr'>reliquas</span> <span class='ocrx_word' id='word_1_112' title='bbox 2725 1799 2985 1883; x_wconf 82' lang='lat' dir='ltr'>plantas</span> <span class='ocrx_word' id='word_1_113' title='bbox 3031 1798 3100 1861; x_wconf 92' lang='lat' dir='ltr'>in</span> 
     </span>
     <span class='ocr_line' id='line_1_15' title="bbox 582 1904 3099 1991; baseline -0.001 -20"><span class='ocrx_word' id='word_1_114' title='bbox 582 1913 791 1971; x_wconf 91' lang='lat' dir='ltr'>terrae</span> <span class='ocrx_word' id='word_1_115' title='bbox 846 1904 1171 1991; x_wconf 79' lang='lat' dir='ltr'>faucibuS,</span> <span class='ocrx_word' id='word_1_116' title='bbox 1234 1905 1552 1990; x_wconf 88' lang='lat' dir='ltr'>hiatibus,</span> <span class='ocrx_word' id='word_1_117' title='bbox 1619 1904 1954 1969; x_wconf 86' lang='lat' dir='ltr'>canalibus</span> <span class='ocrx_word' id='word_1_118' title='bbox 2019 1908 2376 1970; x_wconf 88' lang='lat' dir='ltr'>crescentes</span> <span class='ocrx_word' id='word_1_119' title='bbox 2442 1906 2665 1970; x_wconf 90' lang='lat' dir='ltr'>statim</span> <span class='ocrx_word' id='word_1_120' title='bbox 2721 1905 3099 1989; x_wconf 89' lang='lat' dir='ltr'>corripiunt.</span> 
     </span>
     <span class='ocr_line' id='line_1_16' title="bbox 583 2012 3101 2100; baseline -0.001 -21"><span class='ocrx_word' id='word_1_121' title='bbox 583 2015 763 2079; x_wconf 85' lang='lat' dir='ltr'>Tunc</span> <span class='ocrx_word' id='word_1_122' title='bbox 809 2014 892 2077; x_wconf 91' lang='lat' dir='ltr'>ab</span> <span class='ocrx_word' id='word_1_123' title='bbox 942 2013 1146 2077; x_wconf 89' lang='lat' dir='ltr'>altera</span> <span class='ocrx_word' id='word_1_124' title='bbox 1191 2012 1504 2078; x_wconf 86' lang='lat' dir='ltr'>clivorum</span> <span class='ocrx_word' id='word_1_125' title='bbox 1551 2016 1736 2096; x_wconf 88' lang='lat' dir='ltr'>parte</span> <span class='ocrx_word' id='word_1_126' title='bbox 1785 2034 1903 2096; x_wconf 90' lang='lat' dir='ltr'>per</span> <span class='ocrx_word' id='word_1_127' title='bbox 1949 2012 2205 2077; x_wconf 91' lang='lat' dir='ltr'>eosdem</span> <span class='ocrx_word' id='word_1_128' title='bbox 2245 2013 2498 2078; x_wconf 88' lang='lat' dir='ltr'>canales</span> <span class='ocrx_word' id='word_1_129' title='bbox 2544 2014 2985 2100; x_wconf 82' lang='lat' dir='ltr'>devolvuntur,</span> <span class='ocrx_word' id='word_1_130' title='bbox 3031 2013 3101 2077; x_wconf 92' lang='lat' dir='ltr'>in</span> 
     </span>
     <span class='ocr_line' id='line_1_17' title="bbox 584 2119 3101 2208; baseline -0 -22"><span class='ocrx_word' id='word_1_131' title='bbox 584 2122 825 2208; x_wconf 91' lang='lat' dir='ltr'>quibus</span> <span class='ocrx_word' id='word_1_132' title='bbox 880 2143 1047 2205; x_wconf 90' lang='lat' dir='ltr'>aqua</span> <span class='ocrx_word' id='word_1_133' title='bbox 1104 2120 1367 2204; x_wconf 90' lang='lat' dir='ltr'>delapsa</span> <span class='ocrx_word' id='word_1_134' title='bbox 1430 2123 1569 2184; x_wconf 88' lang='lat' dir='ltr'>erat</span> <span class='ocrx_word' id='word_1_135' title='bbox 1624 2124 1690 2184; x_wconf 93' lang='lat' dir='ltr'>et</span> <span class='ocrx_word' id='word_1_136' title='bbox 1755 2142 1829 2184; x_wconf 98' lang='lat' dir='ltr'>eo</span> <span class='ocrx_word' id='word_1_137' title='bbox 1897 2119 2155 2184; x_wconf 88' lang='lat' dir='ltr'>demum</span> <span class='ocrx_word' id='word_1_138' title='bbox 2217 2120 2359 2184; x_wconf 90' lang='lat' dir='ltr'>loco</span> <span class='ocrx_word' id='word_1_139' title='bbox 2417 2120 2919 2207; x_wconf 84' lang='lat' dir='ltr'>extinguuntur,</span> <span class='ocrx_word' id='word_1_140' title='bbox 2985 2120 3101 2185; x_wconf 93' lang='lat' dir='ltr'>ubi</span> 
     </span>
     <span class='ocr_line' id='line_1_18' title="bbox 582 2226 3101 2313; baseline -0.001 -19"><span class='ocrx_word' id='word_1_141' title='bbox 582 2234 930 2294; x_wconf 90' lang='lat' dir='ltr'>montanus</span> <span class='ocrx_word' id='word_1_142' title='bbox 974 2227 1211 2293; x_wconf 90' lang='lat' dir='ltr'>fluvius</span> <span class='ocrx_word' id='word_1_143' title='bbox 1256 2227 1326 2292; x_wconf 92' lang='lat' dir='ltr'>in</span> <span class='ocrx_word' id='word_1_144' title='bbox 1371 2250 1546 2292; x_wconf 90' lang='lat' dir='ltr'>mare</span> <span class='ocrx_word' id='word_1_145' title='bbox 1594 2226 1962 2292; x_wconf 89' lang='lat' dir='ltr'>effunditur.</span> <span class='ocrx_word' id='word_1_146' title='bbox 2053 2227 2201 2313; x_wconf 87' lang='lat' dir='ltr'>Ego</span> <span class='ocrx_word' id='word_1_147' title='bbox 2250 2249 2441 2311; x_wconf 88' lang='lat' dir='ltr'>saepe</span> <span class='ocrx_word' id='word_1_148' title='bbox 2489 2227 2613 2291; x_wconf 90' lang='lat' dir='ltr'>hoc</span> <span class='ocrx_word' id='word_1_149' title='bbox 2660 2227 3101 2312; x_wconf 88' lang='lat' dir='ltr'>spectaculum</span> 
     </span>
     <span class='ocr_line' id='line_1_19' title="bbox 581 2335 3101 2421; baseline -0 -20"><span class='ocrx_word' id='word_1_150' title='bbox 581 2336 732 2421; x_wconf 83' lang='lat' dir='ltr'>vidi,</span> <span class='ocrx_word' id='word_1_151' title='bbox 779 2339 846 2400; x_wconf 90' lang='lat' dir='ltr'>et</span> <span class='ocrx_word' id='word_1_152' title='bbox 889 2335 1124 2402; x_wconf 85' lang='lat' dir='ltr'>viatori</span> <span class='ocrx_word' id='word_1_153' title='bbox 1164 2339 1229 2399; x_wconf 90' lang='lat' dir='ltr'>et</span> <span class='ocrx_word' id='word_1_154' title='bbox 1266 2335 1612 2421; x_wconf 89' lang='lat' dir='ltr'>peregrino</span> <span class='ocrx_word' id='word_1_155' title='bbox 1659 2335 1778 2398; x_wconf 90' lang='lat' dir='ltr'>has</span> <span class='ocrx_word' id='word_1_156' title='bbox 1815 2335 2107 2398; x_wconf 89' lang='lat' dir='ltr'>flammas</span> <span class='ocrx_word' id='word_1_157' title='bbox 2153 2335 2382 2418; x_wconf 87' lang='lat' dir='ltr'>procul</span> <span class='ocrx_word' id='word_1_158' title='bbox 2427 2335 2708 2400; x_wconf 91' lang='lat' dir='ltr'>intuenti</span> <span class='ocrx_word' id='word_1_159' title='bbox 2755 2358 3101 2420; x_wconf 91' lang='lat' dir='ltr'>earumque</span> 
     </span>
     <span class='ocr_line' id='line_1_20' title="bbox 584 2441 3103 2528; baseline 0 -21"><span class='ocrx_word' id='word_1_160' title='bbox 584 2465 843 2508; x_wconf 88' lang='lat' dir='ltr'>causam</span> <span class='ocrx_word' id='word_1_161' title='bbox 897 2442 1089 2526; x_wconf 90' lang='lat' dir='ltr'>plane</span> <span class='ocrx_word' id='word_1_162' title='bbox 1146 2441 1475 2527; x_wconf 86' lang='lat' dir='ltr'>ignoranti</span> <span class='ocrx_word' id='word_1_163' title='bbox 1540 2441 1678 2506; x_wconf 89' lang='lat' dir='ltr'>sine</span> <span class='ocrx_word' id='word_1_164' title='bbox 1741 2441 1938 2506; x_wconf 92' lang='lat' dir='ltr'>dubio</span> <span class='ocrx_word' id='word_1_165' title='bbox 2010 2442 2307 2507; x_wconf 86' lang='lat' dir='ltr'>ardentes</span> <span class='ocrx_word' id='word_1_166' title='bbox 2370 2446 2691 2508; x_wconf 89' lang='lat' dir='ltr'>torrentes</span> <span class='ocrx_word' id='word_1_167' title='bbox 2745 2447 3103 2528; x_wconf 88' lang='lat' dir='ltr'>appareant</span> 
     </span>
     <span class='ocr_line' id='line_1_21' title="bbox 582 2535 3104 2634; baseline 0 -18"><span class='ocrx_word' id='word_1_168' title='bbox 582 2572 843 2616; x_wconf 89' lang='lat' dir='ltr'>necesse</span> <span class='ocrx_word' id='word_1_169' title='bbox 899 2548 1049 2613; x_wconf 86' lang='lat' dir='ltr'>est&#39;.</span> <span class='ocrx_word' id='word_1_170' title='bbox 1140 2547 1317 2612; x_wconf 90' lang='lat' dir='ltr'>Haec</span> <span class='ocrx_word' id='word_1_171' title='bbox 1353 2535 1602 2613; x_wconf 29' lang='lat' dir='ltr'>&#39;Brucei</span> <span class='ocrx_word' id='word_1_172' title='bbox 1664 2547 2013 2632; x_wconf 85' lang='lat' dir='ltr'>explicatio</span> <span class='ocrx_word' id='word_1_173' title='bbox 2070 2552 2143 2612; x_wconf 94' lang='lat' dir='ltr'>ut</span> <span class='ocrx_word' id='word_1_174' title='bbox 2209 2548 2422 2633; x_wconf 90' lang='lat' dir='ltr'>specie</span> <span class='ocrx_word' id='word_1_175' title='bbox 2480 2550 2755 2634; x_wconf 90' lang='lat' dir='ltr'>quadam</span> <span class='ocrx_word' id='word_1_176' title='bbox 2809 2551 3104 2616; x_wconf 88' lang='lat' dir='ltr'>veritatis</span> 
     </span>
     <span class='ocr_line' id='line_1_22' title="bbox 585 2654 3102 2741; baseline -0 -17"><span class='ocrx_word' id='word_1_177' title='bbox 585 2654 1086 2741; x_wconf 83' lang='lat' dir='ltr'>commendatur,</span> <span class='ocrx_word' id='word_1_178' title='bbox 1133 2677 1359 2739; x_wconf 89' lang='lat' dir='ltr'>reapse</span> <span class='ocrx_word' id='word_1_179' title='bbox 1406 2660 1623 2720; x_wconf 88' lang='lat' dir='ltr'>tamen</span> <span class='ocrx_word' id='word_1_180' title='bbox 1668 2655 1858 2720; x_wconf 86' lang='lat' dir='ltr'>facile</span> <span class='ocrx_word' id='word_1_181' title='bbox 1906 2655 2318 2741; x_wconf 85' lang='lat' dir='ltr'>cognoscitur</span> <span class='ocrx_word' id='word_1_182' title='bbox 2355 2679 2671 2741; x_wconf 89' lang='lat' dir='ltr'>perversa.</span> <span class='ocrx_word' id='word_1_183' title='bbox 2745 2657 3009 2723; x_wconf 87' lang='lat' dir='ltr'>Etenim</span> <span class='ocrx_word' id='word_1_184' title='bbox 3047 2658 3102 2723; x_wconf 90' lang='lat' dir='ltr'>si</span> 
     </span>
     <span class='ocr_line' id='line_1_23' title="bbox 587 2761 3103 2852; baseline 0 -23"><span class='ocrx_word' id='word_1_185' title='bbox 587 2787 749 2850; x_wconf 93' lang='lat' dir='ltr'>quae</span> <span class='ocrx_word' id='word_1_186' title='bbox 798 2764 875 2828; x_wconf 89' lang='lat' dir='ltr'>de</span> <span class='ocrx_word' id='word_1_187' title='bbox 923 2762 1303 2829; x_wconf 87' lang='lat' dir='ltr'>occidentali</span> <span class='ocrx_word' id='word_1_188' title='bbox 1351 2786 1463 2829; x_wconf 89' lang='lat' dir='ltr'>ora</span> <span class='ocrx_word' id='word_1_189' title='bbox 1509 2763 1748 2828; x_wconf 91' lang='lat' dir='ltr'>similia</span> <span class='ocrx_word' id='word_1_190' title='bbox 1792 2761 2202 2851; x_wconf 79' lang='lat' dir='ltr'>narrantur2)</span> <span class='ocrx_word' id='word_1_191' title='bbox 2262 2763 2569 2829; x_wconf 91' lang='lat' dir='ltr'>subtilius</span> <span class='ocrx_word' id='word_1_192' title='bbox 2617 2765 3103 2852; x_wconf 79' lang='lat' dir='ltr'>examinaveriS‚</span> 
     </span>
     <span class='ocr_line' id='line_1_24' title="bbox 586 2869 3103 2958; baseline 0 -21"><span class='ocrx_word' id='word_1_193' title='bbox 586 2895 661 2938; x_wconf 89' lang='lat' dir='ltr'>ea</span> <span class='ocrx_word' id='word_1_194' title='bbox 707 2870 1121 2956; x_wconf 91' lang='lat' dir='ltr'>potissimum</span> <span class='ocrx_word' id='word_1_195' title='bbox 1167 2869 1237 2934; x_wconf 92' lang='lat' dir='ltr'>in</span> <span class='ocrx_word' id='word_1_196' title='bbox 1281 2893 1351 2935; x_wconf 94' lang='lat' dir='ltr'>re</span> <span class='ocrx_word' id='word_1_197' title='bbox 1397 2870 1650 2935; x_wconf 91' lang='lat' dir='ltr'>videbis</span> <span class='ocrx_word' id='word_1_198' title='bbox 1697 2893 1735 2934; x_wconf 85' lang='lat' dir='ltr'>a</span> <span class='ocrx_word' id='word_1_199' title='bbox 1780 2870 2014 2935; x_wconf 88' lang='lat' dir='ltr'>Brucei</span> <span class='ocrx_word' id='word_1_200' title='bbox 2058 2871 2426 2936; x_wconf 87' lang='lat' dir='ltr'>narratione</span> <span class='ocrx_word' id='word_1_201' title='bbox 2474 2871 2757 2958; x_wconf 84' lang='lat' dir='ltr'>differre,</span> <span class='ocrx_word' id='word_1_202' title='bbox 2805 2873 2978 2957; x_wconf 93' lang='lat' dir='ltr'>quod</span> <span class='ocrx_word' id='word_1_203' title='bbox 3025 2874 3103 2937; x_wconf 91' lang='lat' dir='ltr'>de</span> 
     </span>
     <span class='ocr_line' id='line_1_25' title="bbox 583 2976 3103 3062; baseline 0.001 -19"><span class='ocrx_word' id='word_1_204' title='bbox 583 2977 987 3043; x_wconf 87' lang='lat' dir='ltr'>torrentibus</span> <span class='ocrx_word' id='word_1_205' title='bbox 1032 2976 1321 3062; x_wconf 90' lang='lat' dir='ltr'>ignifluis</span> <span class='ocrx_word' id='word_1_206' title='bbox 1370 2978 1479 3062; x_wconf 92' lang='lat' dir='ltr'>qui</span> <span class='ocrx_word' id='word_1_207' title='bbox 1519 2978 1586 3042; x_wconf 91' lang='lat' dir='ltr'>in</span> <span class='ocrx_word' id='word_1_208' title='bbox 1632 2977 1920 3043; x_wconf 90' lang='lat' dir='ltr'>rivorum</span> <span class='ocrx_word' id='word_1_209' title='bbox 1958 2977 2157 3041; x_wconf 90' lang='lat' dir='ltr'>alveis</span> <span class='ocrx_word' id='word_1_210' title='bbox 2203 2978 2284 3041; x_wconf 91' lang='lat' dir='ltr'>ad</span> <span class='ocrx_word' id='word_1_211' title='bbox 2331 3000 2641 3042; x_wconf 90' lang='lat' dir='ltr'>oceanum</span> <span class='ocrx_word' id='word_1_212' title='bbox 2684 2978 3103 3045; x_wconf 84' lang='lat' dir='ltr'>devolvantur</span> 
     </span>
     <span class='ocr_line' id='line_1_26' title="bbox 587 3085 3103 3171; baseline 0 -21"><span class='ocrx_word' id='word_1_213' title='bbox 587 3085 683 3151; x_wconf 90' lang='lat' dir='ltr'>ibi</span> <span class='ocrx_word' id='word_1_214' title='bbox 728 3106 939 3170; x_wconf 90' lang='lat' dir='ltr'>neque</span> <span class='ocrx_word' id='word_1_215' title='bbox 986 3106 1194 3148; x_wconf 88' lang='lat' dir='ltr'>sermo</span> <span class='ocrx_word' id='word_1_216' title='bbox 1243 3088 1344 3148; x_wconf 91' lang='lat' dir='ltr'>est</span> <span class='ocrx_word' id='word_1_217' title='bbox 1387 3107 1597 3169; x_wconf 91' lang='lat' dir='ltr'>neque</span> <span class='ocrx_word' id='word_1_218' title='bbox 1645 3088 1864 3169; x_wconf 89' lang='lat' dir='ltr'>potest</span> <span class='ocrx_word' id='word_1_219' title='bbox 1912 3107 2077 3149; x_wconf 89' lang='lat' dir='ltr'>esse:</span> <span class='ocrx_word' id='word_1_220' title='bbox 2123 3085 2430 3150; x_wconf 90' lang='lat' dir='ltr'>nimirum</span> <span class='ocrx_word' id='word_1_221' title='bbox 2476 3089 2732 3150; x_wconf 91' lang='lat' dir='ltr'>tantum</span> <span class='ocrx_word' id='word_1_222' title='bbox 2779 3086 2982 3171; x_wconf 86' lang='lat' dir='ltr'>abest,</span> <span class='ocrx_word' id='word_1_223' title='bbox 3028 3091 3103 3151; x_wconf 94' lang='lat' dir='ltr'>ut</span> 
     </span>
     <span class='ocr_line' id='line_1_27' title="bbox 585 3190 3101 3278; baseline 0 -21"><span class='ocrx_word' id='word_1_224' title='bbox 585 3216 704 3278; x_wconf 93' lang='lat' dir='ltr'>per</span> <span class='ocrx_word' id='word_1_225' title='bbox 741 3190 1075 3257; x_wconf 90' lang='lat' dir='ltr'>dimidiam</span> <span class='ocrx_word' id='word_1_226' title='bbox 1121 3192 1272 3256; x_wconf 90' lang='lat' dir='ltr'>anni</span> <span class='ocrx_word' id='word_1_227' title='bbox 1320 3196 1574 3276; x_wconf 86' lang='lat' dir='ltr'>partem</span> <span class='ocrx_word' id='word_1_228' title='bbox 1621 3192 2054 3276; x_wconf 70' lang='lat' dir='ltr'>Seneyambiae</span> <span class='ocrx_word' id='word_1_229' title='bbox 2099 3193 2425 3257; x_wconf 86' lang='lat' dir='ltr'>inferioris</span> <span class='ocrx_word' id='word_1_230' title='bbox 2470 3193 2739 3257; x_wconf 89' lang='lat' dir='ltr'>fiumina</span> <span class='ocrx_word' id='word_1_231' title='bbox 2786 3193 3101 3258; x_wconf 85' lang='lat' dir='ltr'>exsiccen-</span> 
     </span>
     <span class='ocr_line' id='line_1_28' title="bbox 584 3298 3100 3386; baseline -0 -21"><span class='ocrx_word' id='word_1_232' title='bbox 584 3305 717 3386; x_wconf 88' lang='lat' dir='ltr'>tur,</span> <span class='ocrx_word' id='word_1_233' title='bbox 774 3304 847 3364; x_wconf 94' lang='lat' dir='ltr'>ut</span> <span class='ocrx_word' id='word_1_234' title='bbox 903 3298 1088 3383; x_wconf 89' lang='lat' dir='ltr'>aquis</span> <span class='ocrx_word' id='word_1_235' title='bbox 1154 3321 1409 3384; x_wconf 88' lang='lat' dir='ltr'>semper</span> <span class='ocrx_word' id='word_1_236' title='bbox 1463 3300 1819 3364; x_wconf 88' lang='lat' dir='ltr'>abundent:</span> <span class='ocrx_word' id='word_1_237' title='bbox 1853 3298 2100 3364; x_wconf 74' lang='lat' dir='ltr'>.‘toute</span> <span class='ocrx_word' id='word_1_238' title='bbox 2155 3300 2220 3364; x_wconf 92' lang='lat' dir='ltr'>la</span> <span class='ocrx_word' id='word_1_239' title='bbox 2272 3300 2500 3386; x_wconf 77' lang='lat' dir='ltr'>region</span> <span class='ocrx_word' id='word_1_240' title='bbox 2556 3300 2640 3364; x_wconf 92' lang='lat' dir='ltr'>du</span> <span class='ocrx_word' id='word_1_241' title='bbox 2694 3299 2943 3365; x_wconf 83' lang='lat' dir='ltr'>littora]</span> <span class='ocrx_word' id='word_1_242' title='bbox 2990 3302 3100 3386; x_wconf 92' lang='lat' dir='ltr'>qui</span> 
     </span>
     <span class='ocr_line' id='line_1_29' title="bbox 586 3405 3102 3493; baseline 0 -21"><span class='ocrx_word' id='word_1_243' title='bbox 586 3406 830 3472; x_wconf 76' lang='lat' dir='ltr'>s’etend</span> <span class='ocrx_word' id='word_1_244' title='bbox 867 3406 953 3471; x_wconf 93' lang='lat' dir='ltr'>du</span> <span class='ocrx_word' id='word_1_245' title='bbox 997 3405 1373 3472; x_wconf 91' lang='lat' dir='ltr'>nord-ouest</span> <span class='ocrx_word' id='word_1_246' title='bbox 1420 3429 1501 3471; x_wconf 90' lang='lat' dir='ltr'>au</span> <span class='ocrx_word' id='word_1_247' title='bbox 1548 3407 1810 3491; x_wconf 83' lang='lat' dir='ltr'>sud-est,</span> <span class='ocrx_word' id='word_1_248' title='bbox 1856 3429 1967 3470; x_wconf 92' lang='lat' dir='ltr'>sur</span> <span class='ocrx_word' id='word_1_249' title='bbox 2014 3429 2140 3470; x_wconf 93' lang='lat' dir='ltr'>une</span> <span class='ocrx_word' id='word_1_250' title='bbox 2185 3406 2505 3493; x_wconf 88' lang='lat' dir='ltr'>longueur</span> <span class='ocrx_word' id='word_1_251' title='bbox 2549 3408 2627 3472; x_wconf 89' lang='lat' dir='ltr'>de</span> <span class='ocrx_word' id='word_1_252' title='bbox 2676 3410 2807 3473; x_wconf 85' lang='lat'>300</span> <span class='ocrx_word' id='word_1_253' title='bbox 2843 3409 2971 3472; x_wconf 86' lang='lat' dir='ltr'>km.</span> <span class='ocrx_word' id='word_1_254' title='bbox 3021 3432 3102 3473; x_wconf 92' lang='lat' dir='ltr'>en</span> 
     </span>
     <span class='ocr_line' id='line_1_30' title="bbox 587 3513 3100 3602; baseline 0 -22"><span class='ocrx_word' id='word_1_255' title='bbox 587 3514 796 3580; x_wconf 87' lang='lat' dir='ltr'>droite</span> <span class='ocrx_word' id='word_1_256' title='bbox 832 3513 1038 3599; x_wconf 86' lang='lat' dir='ltr'>ligne,</span> <span class='ocrx_word' id='word_1_257' title='bbox 1077 3517 1256 3577; x_wconf 89' lang='lat' dir='ltr'>entre</span> <span class='ocrx_word' id='word_1_258' title='bbox 1302 3513 1367 3577; x_wconf 90' lang='grc'>13</span> <span class='ocrx_word' id='word_1_259' title='bbox 1405 3513 1612 3579; x_wconf 76' lang='lat' dir='ltr'>Guine</span> <span class='ocrx_word' id='word_1_260' title='bbox 1660 3513 2038 3600; x_wconf 88' lang='lat' dir='ltr'>portugaise</span> <span class='ocrx_word' id='word_1_261' title='bbox 2086 3518 2151 3578; x_wconf 89' lang='lat' dir='ltr'>et</span> <span class='ocrx_word' id='word_1_262' title='bbox 2196 3514 2293 3578; x_wconf 92' lang='lat' dir='ltr'>les</span> <span class='ocrx_word' id='word_1_263' title='bbox 2330 3515 2733 3599; x_wconf 89' lang='lat' dir='ltr'>possessions</span> <span class='ocrx_word' id='word_1_264' title='bbox 2779 3516 3100 3602; x_wconf 83' lang='lat' dir='ltr'>anglaises</span> 
     </span>
     <span class='ocr_line' id='line_1_31' title="bbox 590 3619 3100 3708; baseline 0 -21"><span class='ocrx_word' id='word_1_265' title='bbox 590 3623 667 3687; x_wconf 89' lang='lat' dir='ltr'>de</span> <span class='ocrx_word' id='word_1_266' title='bbox 706 3619 1184 3706; x_wconf 85' lang='lat' dir='ltr'>Sierra-Leone‚</span> <span class='ocrx_word' id='word_1_267' title='bbox 1229 3643 1268 3684; x_wconf 92' lang='lat' dir='ltr'>a</span> <span class='ocrx_word' id='word_1_268' title='bbox 1313 3643 1465 3708; x_wconf 69' lang='lat' dir='ltr'>recu</span> <span class='ocrx_word' id='word_1_269' title='bbox 1510 3621 1571 3685; x_wconf 93' lang='lat' dir='ltr'>le</span> <span class='ocrx_word' id='word_1_270' title='bbox 1617 3643 1771 3685; x_wconf 92' lang='lat' dir='ltr'>nom</span> <span class='ocrx_word' id='word_1_271' title='bbox 1820 3621 1897 3685; x_wconf 93' lang='lat' dir='ltr'>de</span> <span class='ocrx_word' id='word_1_272' title='bbox 1932 3620 2243 3706; x_wconf 82' lang='lat' dir='ltr'>‚Rivieres</span> <span class='ocrx_word' id='word_1_273' title='bbox 2281 3621 2367 3687; x_wconf 94' lang='lat' dir='ltr'>du</span> <span class='ocrx_word' id='word_1_274' title='bbox 2404 3620 2572 3687; x_wconf 81' lang='lat' dir='ltr'>Sud‘.</span> <span class='ocrx_word' id='word_1_275' title='bbox 2658 3621 2842 3686; x_wconf 85' lang='lat' dir='ltr'>Cette</span> <span class='ocrx_word' id='word_1_276' title='bbox 2879 3624 3100 3708; x_wconf 90' lang='lat' dir='ltr'>appel-</span> 
     </span>
     <span class='ocr_line' id='line_1_32' title="bbox 583 3727 3100 3816; baseline -0 -21"><span class='ocrx_word' id='word_1_277' title='bbox 583 3730 788 3795; x_wconf 92' lang='lat' dir='ltr'>lation</span> <span class='ocrx_word' id='word_1_278' title='bbox 835 3727 1136 3814; x_wconf 88' lang='lat' dir='ltr'>provient</span> <span class='ocrx_word' id='word_1_279' title='bbox 1183 3729 1260 3793; x_wconf 91' lang='lat' dir='ltr'>de</span> <span class='ocrx_word' id='word_1_280' title='bbox 1317 3751 1388 3794; x_wconf 92' lang='lat' dir='ltr'>ce</span> <span class='ocrx_word' id='word_1_281' title='bbox 1445 3751 1587 3815; x_wconf 85' lang='lat' dir='ltr'>que,</span> <span class='ocrx_word' id='word_1_282' title='bbox 1642 3751 1810 3813; x_wconf 89' lang='lat' dir='ltr'>pour</span> <span class='ocrx_word' id='word_1_283' title='bbox 1855 3728 1949 3794; x_wconf 88' lang='lat' dir='ltr'>les</span> <span class='ocrx_word' id='word_1_284' title='bbox 2004 3728 2247 3793; x_wconf 86' lang='lat' dir='ltr'>marins</span> <span class='ocrx_word' id='word_1_285' title='bbox 2302 3732 2369 3793; x_wconf 90' lang='lat' dir='ltr'>et</span> <span class='ocrx_word' id='word_1_286' title='bbox 2420 3728 2518 3792; x_wconf 91' lang='lat' dir='ltr'>les</span> <span class='ocrx_word' id='word_1_287' title='bbox 2560 3729 2957 3816; x_wconf 77' lang='lat' dir='ltr'>negociantS‚</span> <span class='ocrx_word' id='word_1_288' title='bbox 3004 3731 3100 3794; x_wconf 90' lang='lat' dir='ltr'>les</span> 
     </span>
     <span class='ocr_line' id='line_1_33' title="bbox 588 3834 3101 3924; baseline -0.001 -21"><span class='ocrx_word' id='word_1_289' title='bbox 588 3838 872 3903; x_wconf 88' lang='lat' dir='ltr'>bouches</span> <span class='ocrx_word' id='word_1_290' title='bbox 920 3837 1031 3900; x_wconf 87' lang='lat' dir='ltr'>des</span> <span class='ocrx_word' id='word_1_291' title='bbox 1076 3834 1360 3924; x_wconf 73' lang='lat' dir='ltr'>riviereS,</span> <span class='ocrx_word' id='word_1_292' title='bbox 1407 3843 1491 3901; x_wconf 81' lang='lat' dir='ltr'>ou</span> <span class='ocrx_word' id='word_1_293' title='bbox 1537 3837 1879 3921; x_wconf 76' lang='lat' dir='ltr'>penetrent</span> <span class='ocrx_word' id='word_1_294' title='bbox 1923 3836 2021 3900; x_wconf 93' lang='lat' dir='ltr'>les</span> <span class='ocrx_word' id='word_1_295' title='bbox 2063 3834 2320 3900; x_wconf 90' lang='lat' dir='ltr'>navires</span> <span class='ocrx_word' id='word_1_296' title='bbox 2375 3856 2541 3919; x_wconf 90' lang='lat' dir='ltr'>pour</span> <span class='ocrx_word' id='word_1_297' title='bbox 2594 3836 2903 3921; x_wconf 91' lang='lat' dir='ltr'>trafiquer</span> <span class='ocrx_word' id='word_1_298' title='bbox 2948 3860 3101 3901; x_wconf 91' lang='lat' dir='ltr'>avec</span> 
     </span>
     <span class='ocr_line' id='line_1_34' title="bbox 586 3941 3098 4029; baseline 0 -22"><span class='ocrx_word' id='word_1_299' title='bbox 586 3943 681 4007; x_wconf 93' lang='lat' dir='ltr'>les</span> <span class='ocrx_word' id='word_1_300' title='bbox 736 3943 1089 4029; x_wconf 78' lang='lat' dir='ltr'>indigeneS‚</span> <span class='ocrx_word' id='word_1_301' title='bbox 1146 3949 1296 4009; x_wconf 93' lang='lat' dir='ltr'>sont</span> <span class='ocrx_word' id='word_1_302' title='bbox 1349 3945 1444 4010; x_wconf 88' lang='lat' dir='ltr'>les</span> <span class='ocrx_word' id='word_1_303' title='bbox 1490 3943 1700 4008; x_wconf 90' lang='lat' dir='ltr'>seules</span> <span class='ocrx_word' id='word_1_304' title='bbox 1747 3941 1991 4026; x_wconf 90' lang='lat' dir='ltr'>parties</span> <span class='ocrx_word' id='word_1_305' title='bbox 2047 3942 2133 4007; x_wconf 93' lang='lat' dir='ltr'>du</span> <span class='ocrx_word' id='word_1_306' title='bbox 2189 3941 2513 4007; x_wconf 87' lang='lat' dir='ltr'>territoire</span> <span class='ocrx_word' id='word_1_307' title='bbox 2569 3947 2765 4027; x_wconf 83' lang='lat' dir='ltr'>ayant</span> <span class='ocrx_word' id='word_1_308' title='bbox 2822 3944 3098 4028; x_wconf 87' lang='lat' dir='ltr'>quelque</span> 
     </span>
    </p>
   </div>
   <div class='ocr_carea' id='block_1_4' title="bbox 585 4108 1011 4114">
    <p class='ocr_par' dir='ltr' id='par_1_4' title="bbox 585 4108 1011 4114">
     <span class='ocr_line' id='line_1_35' title="bbox 585 4108 1011 4114; baseline 0 0"><span class='ocrx_word' id='word_1_309' title='bbox 585 4108 1011 4114; x_wconf 95' lang='lat' dir='ltr'> </span> 
     </span>
    </p>
   </div>
   <div class='ocr_carea' id='block_1_5' title="bbox 592 4206 3101 4367">
    <p class='ocr_par' dir='ltr' id='par_1_5' title="bbox 592 4206 3101 4367">
     <span class='ocr_line' id='line_1_36' title="bbox 771 4206 3101 4280; baseline 0 -17"><span class='ocrx_word' id='word_1_310' title='bbox 771 4215 823 4279; x_wconf 93' lang='lat'>1)</span> <span class='ocrx_word' id='word_1_311' title='bbox 859 4209 1062 4265; x_wconf 76' lang='lat' dir='ltr'>Reisen</span> <span class='ocrx_word' id='word_1_312' title='bbox 1116 4226 1218 4265; x_wconf 79' lang='lat' dir='ltr'>zur</span> <span class='ocrx_word' id='word_1_313' title='bbox 1254 4209 1619 4278; x_wconf 75' lang='lat' dir='ltr'>Entdeekuny</span> <span class='ocrx_word' id='word_1_314' title='bbox 1674 4211 1770 4264; x_wconf 82' lang='lat' dir='ltr'>der</span> <span class='ocrx_word' id='word_1_315' title='bbox 1821 4209 2043 4280; x_wconf 73' lang='lat' dir='ltr'>Quellen</span> <span class='ocrx_word' id='word_1_316' title='bbox 2100 4209 2193 4263; x_wconf 81' lang='lat' dir='ltr'>des</span> <span class='ocrx_word' id='word_1_317' title='bbox 2240 4206 2345 4262; x_wconf 81' lang='lat' dir='ltr'>Nil</span> <span class='ocrx_word' id='word_1_318' title='bbox 2379 4206 2432 4261; x_wconf 93' lang='grc' dir='ltr'>Π</span> <span class='ocrx_word' id='word_1_319' title='bbox 2468 4226 2523 4278; x_wconf 87' lang='lat' dir='ltr'>p.</span> <span class='ocrx_word' id='word_1_320' title='bbox 2554 4211 2676 4262; x_wconf 82' lang='lat'>525.</span> <span class='ocrx_word' id='word_1_321' title='bbox 2752 4208 2822 4265; x_wconf 89' lang='lat' dir='ltr'>cf.</span> <span class='ocrx_word' id='word_1_322' title='bbox 2863 4208 3101 4264; x_wconf 86' lang='lat' dir='ltr'>Mueller</span> 
     </span>
     <span class='ocr_line' id='line_1_37' title="bbox 592 4304 762 4367; baseline -0.012 -13"><span class='ocrx_word' id='word_1_323' title='bbox 592 4317 647 4367; x_wconf 89' lang='lat' dir='ltr'>p.</span> <span class='ocrx_word' id='word_1_324' title='bbox 682 4304 762 4353; x_wconf 81' lang='lat'>12.</span> 
     </span>
    </p>
   </div>
   <div class='ocr_carea' id='block_1_6' title="bbox 591 4403 3101 4565">
    <p class='ocr_par' dir='ltr' id='par_1_6' title="bbox 591 4403 3101 4565">
     <span class='ocr_line' id='line_1_38' title="bbox 769 4403 3098 4476; baseline 0 -17"><span class='ocrx_word' id='word_1_325' title='bbox 769 4408 823 4475; x_wconf 84' lang='lat'>2)</span> <span class='ocrx_word' id='word_1_326' title='bbox 863 4407 930 4462; x_wconf 89' lang='lat' dir='ltr'>cf.</span> <span class='ocrx_word' id='word_1_327' title='bbox 971 4407 1041 4461; x_wconf 89' lang='lat' dir='ltr'>de</span> <span class='ocrx_word' id='word_1_328' title='bbox 1081 4405 1373 4474; x_wconf 82' lang='lat' dir='ltr'>Senegalis</span> <span class='ocrx_word' id='word_1_329' title='bbox 1420 4404 1577 4460; x_wconf 81' lang='lat' dir='ltr'>fluvii</span> <span class='ocrx_word' id='word_1_330' title='bbox 1614 4403 1844 4476; x_wconf 87' lang='lat' dir='ltr'>regione</span> <span class='ocrx_word' id='word_1_331' title='bbox 1881 4405 2269 4474; x_wconf 88' lang='lat' dir='ltr'>Mungo-Park</span> <span class='ocrx_word' id='word_1_332' title='bbox 2308 4407 2471 4473; x_wconf 80' lang='lat' dir='ltr'>(vers,</span> <span class='ocrx_word' id='word_1_333' title='bbox 2510 4403 2694 4459; x_wconf 87' lang='lat' dir='ltr'>Germ.</span> <span class='ocrx_word' id='word_1_334' title='bbox 2733 4423 2788 4475; x_wconf 89' lang='lat' dir='ltr'>p.</span> <span class='ocrx_word' id='word_1_335' title='bbox 2817 4409 2971 4475; x_wconf 82' lang='lat'>233),</span> <span class='ocrx_word' id='word_1_336' title='bbox 3029 4406 3098 4460; x_wconf 89' lang='lat' dir='ltr'>de</span> 
     </span>
     <span class='ocr_line' id='line_1_39' title="bbox 591 4491 3101 4565; baseline -0.001 -16"><span class='ocrx_word' id='word_1_337' title='bbox 591 4493 778 4549; x_wconf 85' lang='lat' dir='ltr'>Sierra</span> <span class='ocrx_word' id='word_1_338' title='bbox 812 4495 999 4550; x_wconf 89' lang='lat' dir='ltr'>Leone</span> <span class='ocrx_word' id='word_1_339' title='bbox 1036 4495 1481 4549; x_wconf 86' lang='lat' dir='ltr'>Winterbottom</span> <span class='ocrx_word' id='word_1_340' title='bbox 1521 4499 1684 4562; x_wconf 83' lang='lat' dir='ltr'>(vers.</span> <span class='ocrx_word' id='word_1_341' title='bbox 1716 4491 1900 4549; x_wconf 81' lang='lat' dir='ltr'>Germ.</span> <span class='ocrx_word' id='word_1_342' title='bbox 1938 4512 1994 4564; x_wconf 84' lang='lat' dir='ltr'>p.</span> <span class='ocrx_word' id='word_1_343' title='bbox 2028 4496 2135 4565; x_wconf 78' lang='lat'><strong>70),</strong></span> <span class='ocrx_word' id='word_1_344' title='bbox 2185 4494 2255 4549; x_wconf 82' lang='lat' dir='ltr'>de</span> <span class='ocrx_word' id='word_1_345' title='bbox 2293 4493 2556 4549; x_wconf 88' lang='lat' dir='ltr'>Liberiae</span> <span class='ocrx_word' id='word_1_346' title='bbox 2595 4492 2708 4547; x_wconf 82' lang='lat' dir='ltr'>oris</span> <span class='ocrx_word' id='word_1_347' title='bbox 2747 4493 3101 4551; x_wconf 87' lang='lat' dir='ltr'>Buettikofer</span> 
     </span>
    </p>
   </div>
   <div class='ocr_carea' id='block_1_7' title="bbox 491 4582 1605 4653">
    <p class='ocr_par' dir='ltr' id='par_1_7' title="bbox 491 4582 1605 4653">
     <span class='ocr_line' id='line_1_40' title="bbox 491 4582 1605 4653; baseline -0.001 -16"><span class='ocrx_word' id='word_1_348' title='bbox 491 4629 494 4632; x_wconf 87' lang='lat'>.</span> <span class='ocrx_word' id='word_1_349' title='bbox 588 4583 624 4639; x_wconf 92' lang='lat' dir='ltr'>l.</span> <span class='ocrx_word' id='word_1_350' title='bbox 664 4585 700 4639; x_wconf 94' lang='grc'>1.</span> <span class='ocrx_word' id='word_1_351' title='bbox 740 4585 766 4637; x_wconf 98' lang='grc' dir='ltr'>Ι</span> <span class='ocrx_word' id='word_1_352' title='bbox 802 4603 856 4653; x_wconf 90' lang='lat' dir='ltr'>p.</span> <span class='ocrx_word' id='word_1_353' title='bbox 888 4589 974 4639; x_wconf 81' lang='lat'>87.</span> <span class='ocrx_word' id='word_1_354' title='bbox 1054 4584 1121 4639; x_wconf 84' lang='lat' dir='ltr'>cf.</span> <span class='ocrx_word' id='word_1_355' title='bbox 1161 4582 1401 4637; x_wconf 82' lang='lat' dir='ltr'>Mueller</span> <span class='ocrx_word' id='word_1_356' title='bbox 1438 4601 1490 4652; x_wconf 91' lang='lat' dir='ltr'>p.</span> <span class='ocrx_word' id='word_1_357' title='bbox 1524 4588 1605 4637; x_wconf 80' lang='lat'>12.</span> 
     </span>
    </p>
   </div>
  </div>
 </body>
</html>
