3467 5334
596 330 682 397 98
991 294 996 297 -
1708 329 1892 404 Caput
1927 331 1996 388 ΙΙ.

594 495 788 580 plane
861 496 944 560 ad
1013 494 1354 561 libidinem
1426 494 1796 583 excogitata
1867 499 2019 560 sunt
2036 546 2054 580 ,
2127 500 2269 560 tum
2335 495 2538 561 totius
2601 496 2730 562 loci
2795 519 3112 562 conexum

595 603 936 668 manifesto
993 604 1493 688 interrumpunt.
1595 601 1918 688 Equidem
1980 625 2361 688 persuasum
2419 604 2629 669 habeo
2695 604 2791 668 nil
2846 605 3108 670 omnino

595 710 974 776 mutandum
1031 734 1195 776 esse:
1251 711 1631 795 desumptus
1687 714 1825 774 erat
1879 709 2186 775 nimirum
2242 710 2406 775 alter
2450 711 2631 775 locus
2681 733 2760 775 ex
2805 711 3115 776 Hecataei

594 815 862 900 periodo
872 866 891 901 ,
946 816 1109 882 alter
1164 839 1243 882 ex
1298 816 1697 904 genealogiis
1755 816 1926 903 istis,
1980 817 2172 882 sicuti
2218 822 2391 882 recte
2437 818 2567 881 iam
2613 818 2915 902 dispositi
2963 823 3114 883 sunt

596 944 634 986 a
686 922 1027 1010 Mueller0,
1080 946 1199 989 nec
1254 924 1442 1009 latet,
1499 927 1644 989 uter
1698 947 1779 988 ex
1835 924 1976 1008 illo,
2032 928 2177 989 uter
2231 947 2310 989 ex
2365 924 2490 990 hoc
2547 947 2740 1009 opere
2799 925 3117 1012 originem

596 1029 875 1115 duxerit3
930 1030 1112 1116 prior
1161 1031 1453 1116 profecto
1502 1031 1685 1116 operi
1730 1031 2169 1118 geographico
2217 1031 2577 1097 reddendus
2625 1036 2722 1097 est
2770 1031 3112 1117 compluri-

596 1136 719 1201 bus
775 1137 853 1202 de
909 1139 1144 1223 causis3
1200 1141 1533 1203 enumerat
1589 1136 1961 1202 Herodotus
2017 1137 2109 1226 (II
2150 1135 2444 1225 20—24)
2499 1143 2632 1203 tres
2690 1138 3028 1222 opiniones
3042 1136 3114 1226 ¹),

597 1266 755 1329 quas
792 1245 1169 1332 philosophi
1208 1249 1274 1310 et
1309 1244 1672 1332 geographi
1710 1243 1938 1310 Graeci
1976 1246 2052 1309 de
2089 1244 2227 1311 Nili
2265 1245 2684 1310 inundatione
2722 1246 3111 1310 habuerant:

594 1351 807 1435 prima
843 1351 1133 1417 Thaletis
1180 1356 1294 1438 est,
1341 1351 1536 1416 tertia
1572 1350 2024 1438 Anaxagorae3
2073 1351 2403 1436 quaeritur
2451 1352 2784 1417 cuiusnam
2830 1352 3111 1418 auctoris

597 1457 684 1522 sit
729 1458 951 1544 altera,
999 1460 1076 1524 de
1125 1483 1252 1545 qua
1295 1459 1455 1523 haec
1496 1458 1653 1524 dicit
1688 1459 2062 1524 Herodotus
2098 1457 2162 1523 H
2198 1462 2311 1524 21:
2357 1459 2397 1543 ἡ
2437 1454 2502 1523 δ’
2547 1458 2733 1544 ἑτέρη
2772 1460 3109 1544 ἀνεπιστη-

599 1565 960 1652 μονεστέρη
1016 1563 1137 1651 μὲν
1185 1564 1323 1632 ἐστὶ
1367 1575 1484 1650 τῆς
1529 1564 1953 1650 λελεγμένης,
2009 1569 2185 1654 λόγῳ
2233 1562 2306 1630 δὲ
2353 1568 2563 1631 εἰπεῖν
2609 1566 3112 1654 θωμασιωτέρη.

598 1671 641 1755 ἢ
687 1670 867 1755 λέγει
912 1672 1040 1739 ἀπὸ
1087 1683 1209 1740 τοῦ
1250 1669 1567 1739 ’.Ωκεανοῦ
1614 1672 1852 1759 ῥέοντα
1897 1674 2101 1739 αὐτὸν
2139 1683 2345 1738 ταῦτα
2383 1680 2831 1758 μηχανᾶσθαι,
2879 1676 2996 1739 τὸν
3038 1670 3113 1738 δὲ

593 1775 911 1845 Ὠκεανὸν
953 1790 1082 1864 γῆν
1127 1778 1278 1866 περὶ
1324 1789 1542 1845 πᾶσαν
1590 1779 1785 1864 ῥέειν.
1873 1778 2246 1844 Communis
2289 1779 2424 1843 fere
2463 1779 2751 1844 omnium
2788 1780 3110 1844 sententia

600 1887 699 1949 est
710 1881 791 1971 2),
844 1885 1250 1950 Herodotum
1303 1886 1620 1971 respicere
1677 1887 1803 1951 hoc
1854 1887 1997 1953 loco
2043 1886 2466 1971 Hecataeum,
2521 1908 2639 1951 nec
2685 1886 3113 1971 improbanda

599 1991 761 2056 mihi
805 1992 1085 2057 videtur:
1130 1992 1491 2077 protulerat
1538 1992 1913 2078 opinionem
1949 2017 2132 2059 suam
2166 1993 2528 2058 Hecataeus
2566 1997 2738 2058 certe
2775 1992 2885 2081 (cf.
2923 1992 3111 2058 Diod.

597 2097 630 2161 I
686 2096 839 2185 37);
913 2102 1331 2183 convenerat,
1405 2121 1552 2163 cum
1613 2098 1996 2186 Aegyptum
2072 2104 2483 2188 peragraret,
2555 2123 2702 2165 cum
2776 2100 3112 2165 sacerdoti-

600 2204 724 2269 bus
760 2204 1112 2292 Aegyptiis
1148 2205 1257 2293 (cf.
1294 2204 1532 2270 Herod.
1570 2202 1633 2270 H
1674 2208 1820 2271 143.
1884 2207 1962 2272 fr.
2001 2205 2286 2295 276M.);
2331 2207 2589 2271 fuerant
2624 2207 2796 2272 inter
2834 2230 2961 2291 eOS,
3001 2208 3112 2292 11111

597 2314 933 2376 narrarent
997 2310 1104 2398 (cf.
1151 2311 1339 2376 Diod.
1393 2310 1433 2375 1.
1472 2308 1564 2398 1.),
1627 2312 1756 2377 ἀπὸ
1822 2322 1943 2378 τοῦ
2006 2312 2473 2399 περιῤῥέοντος
2529 2316 2654 2398 τὴν
2710 2313 3108 2399 οἰκουμένην

594 2414 914 2484 Ὠκεανοῦ
944 2420 1150 2485 αὐτὸν
1178 2418 1294 2506 (sc.
1322 2421 1441 2484 τὸν
1469 2416 1747 2506 Νεῖλον)
1784 2421 1907 2503 τὴν
1945 2416 2266 2485 σύστασιν
2296 2422 2683 2505 λαμβάνειν;
2721 2420 2899 2503 adde,
2939 2420 3113 2504 quod

600 2524 820 2589 extitit
865 2546 1086 2590 revera
1129 2525 1353 2589 fabula
1389 2524 1799 2613 Aegyptiaca
1842 2526 2014 2592 inter
2058 2525 2531 2592 vetustissimas
2568 2527 2884 2613 habenda,
2930 2527 3112 2592 cuius

597 2632 1087 2696 fundamentum
1158 2633 1228 2697 in
1300 2632 1415 2697 tali
1492 2632 1798 2718 opinione
1871 2634 2318 2701 substructum
2392 2636 2489 2698 est
2510 2630 2564 2719 3)
2582 2683 2600 2717 ,
2678 2635 2846 2699 unde
2919 2635 3111 2719 plane

599 2737 962 2823 collabitur,
1011 2740 1182 2822 quod
1218 2739 1464 2826 Berger
1500 2738 1563 2827 (I
1601 2764 1664 2825 p.
1694 2738 1812 2827 68)
1858 2740 2225 2828 affirmavit,
2270 2740 2450 2805 illam
2487 2739 2712 2806 Graeci
2748 2742 3113 2828 geographi

598 2844 985 2910 sententiam
1047 2845 1168 2910 niti
1235 2850 1491 2911 tantum
1543 2847 1837 2932 potuisse
1892 2849 2083 2913 certis
2137 2847 2715 2914 observationibus.
2816 2848 3111 2934 Denique

597 2954 921 3019 Diodorus
967 2945 1159 3019 istam
1207 2954 1639 3019 coniecturam
1686 2955 1926 3020 eisdem
1971 2955 2189 3020 verbis
2235 2955 2494 3041 refutat,
2542 2956 2782 3039 quibus
2825 2954 3111 3020 Herodo-

597 3064 704 3125 tus
759 3060 970 3146 ignoti
1025 3059 1202 3124 illius
1257 3061 1641 3148 geographi:
1696 3063 1856 3127 haec
1912 3062 2239 3128 sufficiant
2289 3063 2371 3127 ad
2415 3062 2858 3149 infringendas
2905 3063 3110 3148 suspi-

598 3166 814 3232 ciones
888 3165 1156 3252 Bergeri
1174 3215 1193 3250 ,
1274 3165 1386 3250 qui
1469 3168 1914 3254 compluribus
1997 3169 2420 3235 illustrissimi
2494 3171 2596 3235 sui
2668 3169 2879 3234 libelli
2949 3170 3111 3235 locis
3192 3246 3203 3247 ἶ

491 3364 501 3372 .
597 3271 657 3361 (I
693 3297 756 3358 p.
787 3276 873 3339 20
918 3273 1060 3338 adn.
1094 3276 1152 3339 4.
1200 3297 1263 3359 p.
1293 3276 1377 3340 67
1400 3297 1493 3359 sq.
1540 3298 1603 3360 p.
1637 3278 1765 3342 106
1786 3274 1910 3363 sq.)
1948 3276 2254 3342 acerrime
2292 3278 2671 3364 refragatur.
2735 3277 2901 3343 Vide
2938 3301 3112 3363 vem,

599 3384 911 3465 quantum
966 3381 1287 3465 discrepet
1337 3380 1420 3444 ab
1469 3382 1590 3447 hac
1635 3384 1957 3449 sententia
2002 3385 2205 3449 altera
2251 3385 2388 3468 illa,
2446 3407 2609 3470 quae
2657 3385 2865 3448 eidem
2909 3383 3111 3449 Heca-

597 3489 743 3551 taeo
807 3486 1231 3553 adscribitur!
1339 3486 1572 3554 Elucet
1588 3543 1606 3576 ‚
1682 3514 1876 3576 quam
1941 3493 2117 3557 bene*
2170 3492 2326 3556 talia
2391 3492 2773 3557 conveniant
2838 3492 2932 3574 ei,
2999 3493 3109 3576 qui

598 3592 1005 3679 Geryoneum
1061 3617 1317 3680 quoque
1372 3618 1453 3662 ex
1499 3597 1736 3662 Oceani
1791 3598 2149 3685 longinqua
2203 3598 2415 3664 insula
2460 3599 2531 3665 in
2573 3603 2762 3664 notas
2809 3598 3110 3663 Graeciae

595 3700 802 3786 ipsius
857 3701 1155 3789 regiones
1209 3702 1671 3789 transmigrare
1727 3702 1943 3769 iussit!
2035 3706 2139 3770 Ex
2190 3706 2445 3771 duobus
2488 3709 2705 3771 autem
2750 3706 2853 3770 his
2901 3728 3109 3770 exem-

596 3808 726 3893 plis
780 3813 1003 3894 patere
1058 3809 1342 3875 arbitror
1407 3832 1680 3894 quorsus
1736 3816 2034 3896 spectent
2099 3835 2261 3897 quae
2316 3812 2385 3876 in
2438 3812 2754 3877 Demetrii
2801 3812 2914 3898 qui
2958 3811 3111 3899 περὶ

598 3915 943 4002 ἑρμηνείας
998 3916 1375 3982 inscribitur
1428 3916 1650 3981 libello
1708 3941 1789 3982 ex
1842 3918 2151 3984 Hecataei
2205 3918 2606 4006 genealogiis
2662 3924 2913 3984 servata
2961 3924 3110 3984 sunt

559 4094 562 4097 Α
597 4023 755 4087 haec
799 4024 1024 4089 verba:
1061 4021 1402 4102 Ἑκαταῖος
1436 4028 1772 4109 Μιλήσιος
1819 4020 1948 4091 ὧδε
1995 4033 2332 4110 μυθεῖται·
2380 4026 2535 4091 τάδε
2584 4027 2820 4112 γράφω
2869 4029 2960 4104 ὥς
2997 4051 3111 4112 μοι

777 4222 829 4287 1)
869 4219 938 4272 cf.
977 4218 1172 4286 Bauer,
1217 4220 1423 4274 Hister.
1483 4218 1694 4274 Unters.
1732 4220 1833 4285 fiir
1869 4219 2352 4287 Arnoldsscwfer
2388 4238 2443 4290 p.
2475 4226 2542 4275 73
2560 4238 2680 4288 sqq.
2737 4200 2967 4290 'Berger
3002 4222 3040 4277 1.
3070 4222 3109 4278 1.

595 4307 619 4361 I
656 4327 711 4379 p.
744 4313 845 4467 lg?
868 4326 1223 4453 E(³:11¹.qussausen
1260 4398 1416 4466 (Hee.
1455 4397 1520 4452 fr.
1553 4398 1697 4465 278).
1776 4397 2013 4452 Mueller
2045 4398 2116 4453 F.
2148 4399 2222 4452 Η.
2260 4398 2358 4454 Gr.
2388 4398 2413 4451 I
2442 4399 2507 4453 fr.
2539 4405 2643 4455 278
2681 4416 2735 4468 p.
2768 4405 2848 4454 19.
2924 4399 3106 4453 Bauer

592 4488 632 4542 l·
669 4489 707 4543 ¹·
745 4495 939 4644 Ρὲ)71ῗ1“.
977 4575 1378 4645 Wiedemann‚
1416 4576 1689 4632 Herodots
1722 4581 1777 4632 2.
1818 4578 1977 4633 Buch
2012 4596 2066 4648 p.
2103 4585 2201 4633 103
2224 4597 2307 4648 sq.
