3467 5334
748 374 873 442 Qua.
906 373 1124 428 ratione
1161 372 1452 461 Hannonis
1489 372 1718 427 libellus
1759 389 1793 427 a
1829 372 2194 443 scriptoribus
2230 378 2532 447 usurpatus
2570 374 2662 432 sit.
2835 375 2963 440 123

427 539 794 624 depinxit?
811 538 861 626 l)
951 537 1122 603 Hinc
1169 536 1316 602 dein
1360 535 1555 601 latius
1603 540 1899 621 serpente
1946 538 2231 621 pernicie
2278 562 2499 605 omnes
2538 562 2699 626 quae
2746 539 2964 625 aliquo

458 646 710 711 vinculo
758 669 905 712 cum
939 644 1277 732 Agrippae
1325 666 1520 728 opere
1558 647 1982 708 conectuntur
2018 645 2213 711 medii
2251 647 2390 712 aevi
2427 647 2686 713 tabulae
2734 646 2966 712 Iubam

455 757 837 840 sequuntur:
882 753 1384 839 Peutingerana,
1422 749 1944 838 Herfordiana2)‚
1980 753 2493 841 Ebstorfianass),
2540 752 2961 841 Severiana‘2).

455 862 544 926 Et
588 861 669 925 ad
703 860 956 926 Arabes
1002 880 1258 945 quoque
1304 859 1600 944 pervenit
1646 859 1772 924 ista
1818 859 2202 945 coniectura,
2250 884 2524 947 quorum
2574 864 2688 927 Nil
2735 862 2965 928 thma

457 990 601 1033 cum
657 966 1035 1033 occidentali
1090 966 1391 1032 cohaeret
1446 989 1681 1032 oceano
1695 966 1750 1055 ⁵)
1799 989 2008 1053 neque
2057 991 2218 1054 quae
2266 968 2623 1054 posteriore
2671 973 2881 1033 aetate
2928 992 2966 1032 a

455 1073 879 1161 PortugalliS,
944 1072 1176 1159 Gallis,
1239 1074 1476 1160 IberiS,
1543 1074 1878 1139 Germanis
1952 1075 2444 1142 delineabantur
2514 1076 2778 1141 tabulae
2852 1075 2964 1140 illo

456 1204 667 1246 errore
712 1185 966 1267 vacant,
1023 1203 1411 1267 quamquam
1456 1181 1705 1246 varium
1752 1180 1822 1245 in
1865 1182 2154 1267 modum,
2207 1206 2333 1269 quo
2380 1182 2738 1248 accuratior
2781 1184 2965 1248 fieret

457 1288 754 1354 occiduae
819 1310 966 1353 orae
1028 1288 1293 1374 notitia,
1357 1288 1878 1354 commutabatur
1951 1289 2306 1357 doctissimi
2379 1291 2552 1378 regis
2621 1289 2965 1355 sententia:

456 1419 617 1481 quos
672 1395 1106 1461 mutationum
1161 1419 1382 1462 cursus
1427 1396 1729 1482 persequi
1769 1400 1834 1460 et
1870 1419 2158 1483 noscere,
2207 1399 2346 1484 qui,
2400 1402 2474 1463 ut
2513 1420 2713 1463 unum
2760 1419 2965 1462 exem-

456 1505 638 1588 plum
683 1525 939 1588 ponam,
985 1503 1270 1588 primum
1306 1503 1566 1569 Daratis
1603 1503 1711 1592 (cf.
1752 1503 1932 1569 Oros,
1970 1504 2001 1570 I
2038 1508 2098 1591 2,
2136 1504 2272 1593 31),
2319 1505 2484 1590 dein,
2530 1505 2647 1570 ubi
2683 1504 2967 1589 primum

455 1610 786 1677 meridiem
821 1633 1043 1675 versus
1078 1611 1338 1698 longius
1365 1634 1708 1699 progressa
1736 1615 1835 1676 est
1864 1616 2181 1678 terrarum
2209 1613 2517 1700 cognitio,
2555 1611 2884 1698 Senegalis
2896 1608 2970 1697 ⁶),

455 1723 782 1803 postremo
831 1717 899 1785 N
898 1717 1097 1805 igeris
1154 1719 1392 1785 ostium
1406 1716 1457 1806 ⁷)
1513 1742 1633 1805 pro
1689 1719 2070 1785 occidentali
2115 1720 2254 1788 Nili
2311 1719 2612 1785 bracchio
2666 1717 2967 1783 habitum

455 1827 567 1912 sit,
611 1848 745 1891 non
798 1824 1218 1891 iniucundum
1275 1826 1533 1912 quidem
1591 1830 1713 1910 est,
1770 1826 1881 1891 sed
1933 1850 1970 1891 a
2015 1826 2353 1912 proposito
2399 1830 2622 1891 nostro
2669 1824 2967 1890 alienum.

453 1932 667 1999 Nobis
731 1932 798 1996 id
863 1931 1376 2017 deliberandum,
1448 1934 1766 1997 undenam
1831 1932 2030 1998 Iubae
2094 1935 2301 2019 ipsius
2375 1933 2596 2018 opinio
2670 1933 2964 2019 pendeat.

456 2041 638 2118 Quod
689 2040 842 2105 licet
896 2043 1034 2104 tam
1087 2041 1355 2125 planum
1408 2040 1644 2125 facere,
1702 2041 1869 2105 nihil
1925 2045 1998 2104 ut
2054 2042 2135 2105 ad
2190 2041 2754 2107 demonstrationis
2809 2041 2967 2106 inte-

455 2147 761 2234 gritatem
807 2145 1152 2211 desiderari
1196 2147 1505 2213 videatur.
1587 2146 1853 2211 Etenim
1896 2148 1949 2212 si
1989 2148 2133 2233 quis
2172 2148 2427 2233 dixerit,
2472 2147 2701 2212 Iubam
2752 2148 2967 2232 ipsum

453 2255 588 2321 veri
643 2253 900 2319 videndi
952 2254 1260 2339 cupidum
1304 2254 1734 2340 permigrasse
1782 2257 1989 2318 totam
2034 2254 2502 2320 Mauretaniam
2548 2253 2628 2317 ad
2673 2253 2967 2318 meridio-

454 2362 633 2427 nales
687 2384 889 2447 usque
944 2361 1131 2448 fineS,
1187 2362 1247 2427 ei
1300 2362 1459 2427 haec
1515 2361 1804 2445 oppono:
1864 2383 2010 2425 cum
2065 2385 2183 2446 per
2231 2384 2299 2426 se
2345 2384 2577 2446 parum
2622 2361 2967 2445 probabile

462 2474 576 2555 est,
629 2477 719 2556 τῷ
776 2470 1044 2534 πάντων
1105 2470 1586 2556 ίστορικωτάτῳ
1642 2471 1906 2552 βασιλεῖ
1955 2468 2062 2557 (cf.
2101 2469 2271 2534 Plut.
2311 2468 2471 2534 Sert.
2500 2466 2594 2532 IX
2638 2468 2714 2532 fr.
2748 2469 2829 2533 19
2850 2466 2967 2555 Μ.)

455 2597 736 2659 vacasse,
790 2574 1178 2661 longinquas
1225 2577 1369 2641 illas
1415 2581 1619 2640 terras
1666 2575 1867 2660 adire,
1914 2579 2055 2640 tum
2099 2599 2229 2641 non
2277 2577 2488 2641 solum
2534 2567 2968 2660 suspicionem

456 2687 714 2770 augent,
762 2683 873 2747 sed
917 2684 1311 2749 contrarium
1358 2683 1660 2748 evincunt
1698 2671 1903 2747 Ssslini
1940 2684 2138 2748 verba
2176 2683 2434 2768 saepius
2470 2688 2969 2748 commemorata

456 2788 548 2877 (p.
590 2786 864 2875 155M.),
911 2813 1074 2874 quae
1110 2790 1340 2856 Iubam
1387 2791 1464 2855 de
1499 2789 1638 2856 Nili
1675 2789 1971 2854 fontibus
2007 2790 2397 2855 Punicorum
2435 2792 2746 2855 confisum
2781 2793 2966 2854 textu

456 2897 772 2962 librorum
817 2898 1191 2982 exposuisse
1238 2900 1616 2985 coarguunt,
1664 2896 1774 2980 qui
1819 2895 1976 2961 libri
2021 2896 2148 2981 ipsi
2194 2919 2327 2968 non
2373 2896 2605 2960 diversi
2653 2900 2835 2960 erant
2881 2898 2964 2962 ab

454 3003 791 3068 Hannonis
837 3003 1092 3088 periplo
1140 3005 1249 3093 (cf.
1299 3005 1494 3070 Solin.
1543 3027 1604 3087 p.
1648 3000 1919 3089 124M.).
1999 3003 2067 3071 N
2069 3027 2138 3068 ec
2187 3004 2296 3069 diu
2344 3003 2780 3090 quaerendum
2826 3003 2966 3087 erit,

457 3111 712 3196 opinor,
776 3110 1165 3195 quibusnam
1230 3113 1366 3177 eius
1424 3110 1641 3176 verbis
1694 3109 1859 3175 Iuba
1912 3111 2124 3181 ,nixus
2181 3112 2292 3198 sit;
2355 3111 2723 3176 memineris
2795 3112 2961 3176 enim

458 3240 621 3303 quae
674 3217 983 3304 leguntur
1037 3222 1076 3300 ἓ
1112 3221 1153 3283 9
1175 3241 1313 3304 sqq.
1369 3217 1553 3282 haec:
1617 3216 2041 3283 Τούντεῦθεν
2092 3218 2205 3307 (sc.
2254 3242 2292 3284 a
2340 3217 2541 3284 Cerne
2588 3216 2828 3305 insula)
2875 3221 2967 3295 εἰς

458 3328 700 3409 λίμνην
747 3325 1158 3410 ἀφικόμεθα,
1208 3326 1320 3391 διά
1364 3349 1547 3402 τινος
1591 3333 1892 3408 ποταμοῦ
1937 3326 2230 3409 μεγάλου
2278 3326 2818 3407 διαπλεύσαντες,
2869 3316 2966 3412 <ᾧ

457 3434 713 3517 ὄνομα)
760 3432 1211 3518 Χρε<μέ>της·
1259 3432 1517 3499 ἐκεῖθεν
1554 3430 1865 3509 πλέοντες
1910 3434 2005 3508 εἰς
2049 3431 2278 3519 ἕτερον
2321 3433 2623 3517 ἤλθομεν
2668 3434 2967 3516 ποταμὸν

460 3538 668 3623 μέγαν
742 3537 854 3604 καὶ
917 3541 1175 3606 πλατύν
1195 3590 1213 3624 ,
1284 3537 1573 3624 γέμοντα
1637 3540 2084 3624 κροκοδείλων
2149 3538 2258 3606 καὶ
2322 3540 2542 3605 ἵππων
2605 3524 2966 3624 ποταμίων.

440 3642 647 3711 Ὅθεν
713 3646 795 3729 δὴ
859 3646 1060 3710 πάλιν
1117 3644 1646 3728 ἀποστρέψαντες
1702 3647 1797 3720 εἰς
1851 3644 2119 3731 Κέρνην
2182 3646 2664 3730 ἐπανήλθομεν.
2763 3646 2967 3722 Quem

455 3752 667 3818 lacum
736 3775 870 3818 non
931 3752 1127 3840 longe
1191 3753 1273 3817 ab
1341 3751 1628 3817 Atlantis
1691 3751 1865 3838 iugis
1929 3753 2276 3819 distantem
2339 3752 2504 3818 Iuba
2567 3753 2695 3817 sibi
2758 3753 2968 3839 finxit,

638 4004 691 4070 1)
731 4000 799 4056 cf.
820 4000 1075 4071 Partsch,
1103 4001 1214 4057 Die
1232 4002 1594 4072 Darstellwny
1614 4001 1879 4070 Europae
1906 4002 1982 4057 im
2008 4018 2184 4073 yeoyr.
2222 4001 2382 4057 Werk
2409 4003 2502 4058 des
2520 4003 2777 4074 Ayrippa
2805 4018 2858 4070 p.
2884 4008 2964 4055 11.

635 4092 692 4160 2)
731 4089 803 4145 cf.
843 4090 1101 4158 Jomard‚
1138 4096 1476 4147 monuments
1511 4092 1578 4146 de
1611 4090 1937 4162 ye'oqraphie
1973 4091 2014 4145 t.
2046 4089 2175 4144 VIII
2193 4108 2312 4160 sqq.

636 4182 691 4251 3)
730 4179 801 4236 cf.
866 4178 1290 4251 Sommerbrodt
1310 4223 1325 4250 ,
1399 4181 1608 4248 Afrika
1681 4180 1793 4248 auf
1856 4180 1954 4236 der
2017 4178 2308 4249 Ebstorfer
2384 4181 2677 4236 Weltkarte
2696 4201 2713 4233 .·
2778 4196 2965 4250 progr.

460 4272 722 4326 Hammo.
763 4275 918 4327 1885.

634 4362 690 4427 4)
729 4359 798 4413 cf.
835 4357 870 4412 J
872 4358 1094 4428 omard,
1132 4360 1291 4415 choix
1328 4362 1420 4416 des
1455 4362 1767 4416 documentis
1804 4362 1869 4414 de
1903 4360 2227 4430 ye'oyraphie
2262 4359 2379 4414 tab.
2410 4358 2501 4415 IV.

637 4451 692 4517 ὅ)
730 4448 799 4503 cf.
839 4448 1078 4504 Lelewel
1114 4451 1230 4507 tab.
1259 4449 1325 4502 II.
1363 4449 1459 4505 IV.
1496 4449 1564 4505 X.
1604 4447 1748 4505 XXI.
1790 4450 1987 4506 XXIII.

638 4539 691 4604 6)
732 4537 800 4591 cf.
838 4539 962 4594 hist.
998 4540 1176 4607 ye'ndr.
1214 4541 1305 4594 des
1343 4554 1572 4608 voyayes
1606 4537 1657 4590 lI
1692 4555 1746 4606 p.
1776 4542 1898 4594 497.

639 4628 692 4697 7)
731 4626 799 4680 cf.
838 4624 1099 4695 Peschel,
1142 4626 1209 4682 G.
1248 4628 1302 4683 d.
1341 4627 1413 4682 E.
1451 4644 1505 4696 p.
1539 4629 1658 4679 151.
