<?xml version="1.0" encoding="UTF-8"?>
<!DOCTYPE html PUBLIC "-//W3C//DTD XHTML 1.0 Transitional//EN"
    "http://www.w3.org/TR/xhtml1/DTD/xhtml1-transitional.dtd">
<html xmlns="http://www.w3.org/1999/xhtml" xml:lang="en" lang="en">
 <head>
  <title>
</title>
<meta http-equiv="Content-Type" content="text/html;charset=utf-8" />
  <meta name='ocr-system' content='tesseract 3.04.00' />
  <meta name='ocr-capabilities' content='ocr_page ocr_carea ocr_par ocr_line ocrx_word'/>
</head>
<body>
  <div class='ocr_page' id='page_1' title='image "./dehannoniscarth00fiscgoog_0057.png"; bbox 0 0 3467 5334; ppageno 0'>
   <div class='ocr_carea' id='block_1_1' title="bbox 1278 398 2870 462">
    <p class='ocr_par' dir='ltr' id='par_1_1' title="bbox 1278 398 2870 462">
     <span class='ocr_line' id='line_1_1' title="bbox 1278 398 2870 462; baseline 0 -7"><span class='ocrx_word' id='word_1_1' title='bbox 1278 401 1360 456; x_wconf 80' lang='lat' dir='ltr'>De</span> <span class='ocrx_word' id='word_1_2' title='bbox 1397 400 1691 457; x_wconf 81' lang='lat' dir='ltr'>Hannonis</span> <span class='ocrx_word' id='word_1_3' title='bbox 1728 400 1946 455; x_wconf 89' lang='lat' dir='ltr'>itinere.</span> <span class='ocrx_word' id='word_1_4' title='bbox 2784 398 2870 462; x_wconf 85' lang='lat'>49</span> 
     </span>
    </p>
   </div>
   <div class='ocr_carea' id='block_1_2' title="bbox 360 561 2882 1615">
    <p class='ocr_par' dir='ltr' id='par_1_2' title="bbox 360 561 2880 1187">
     <span class='ocr_line' id='line_1_2' title="bbox 365 561 2871 651; baseline -0.002 -21"><span class='ocrx_word' id='word_1_5' title='bbox 365 587 590 630; x_wconf 85' lang='lat' dir='ltr'>versus</span> <span class='ocrx_word' id='word_1_6' title='bbox 645 586 954 651; x_wconf 86' lang='lat' dir='ltr'>magnum</span> <span class='ocrx_word' id='word_1_7' title='bbox 1006 564 1208 628; x_wconf 91' lang='lat' dir='ltr'>habet</span> <span class='ocrx_word' id='word_1_8' title='bbox 1263 563 1503 650; x_wconf 87' lang='lat' dir='ltr'>sinum,</span> <span class='ocrx_word' id='word_1_9' title='bbox 1567 565 1678 649; x_wconf 92' lang='lat' dir='ltr'>qui</span> <span class='ocrx_word' id='word_1_10' title='bbox 1732 563 1998 629; x_wconf 82' lang='lat' dir='ltr'>finiatur</span> <span class='ocrx_word' id='word_1_11' title='bbox 2042 562 2362 647; x_wconf 88' lang='lat' dir='ltr'>Hesperio</span> <span class='ocrx_word' id='word_1_12' title='bbox 2418 561 2871 647; x_wconf 89' lang='lat' dir='ltr'>promunturio</span> 
     </span>
     <span class='ocr_line' id='line_1_3' title="bbox 365 670 2874 758; baseline -0.001 -21"><span class='ocrx_word' id='word_1_13' title='bbox 365 674 487 737; x_wconf 89' lang='lat' dir='ltr'>sub</span> <span class='ocrx_word' id='word_1_14' title='bbox 538 670 632 758; x_wconf 80' lang='lat'>8⁰3</span> <span class='ocrx_word' id='word_1_15' title='bbox 679 676 965 737; x_wconf 88' lang='lat' dir='ltr'>attamen</span> <span class='ocrx_word' id='word_1_16' title='bbox 1011 671 1079 735; x_wconf 93' lang='lat' dir='ltr'>in</span> <span class='ocrx_word' id='word_1_17' title='bbox 1125 672 1345 756; x_wconf 91' lang='lat' dir='ltr'>aprico</span> <span class='ocrx_word' id='word_1_18' title='bbox 1395 677 1522 758; x_wconf 88' lang='lat' dir='ltr'>est,</span> <span class='ocrx_word' id='word_1_19' title='bbox 1575 695 1696 737; x_wconf 91' lang='lat' dir='ltr'>nos</span> <span class='ocrx_word' id='word_1_20' title='bbox 1753 695 1790 736; x_wconf 89' lang='lat' dir='ltr'>a</span> <span class='ocrx_word' id='word_1_21' title='bbox 1835 671 2072 735; x_wconf 90' lang='lat' dir='ltr'>Darate</span> <span class='ocrx_word' id='word_1_22' title='bbox 2120 693 2238 754; x_wconf 90' lang='lat' dir='ltr'>per</span> <span class='ocrx_word' id='word_1_23' title='bbox 2287 673 2322 735; x_wconf 88' lang='lat'><strong>7</strong></span> <span class='ocrx_word' id='word_1_24' title='bbox 2373 670 2610 756; x_wconf 89' lang='lat' dir='ltr'>gradus</span> <span class='ocrx_word' id='word_1_25' title='bbox 2656 692 2874 754; x_wconf 82' lang='lat' dir='ltr'>proce-</span> 
     </span>
     <span class='ocr_line' id='line_1_4' title="bbox 361 777 2876 867; baseline -0.002 -23"><span class='ocrx_word' id='word_1_26' title='bbox 361 780 586 846; x_wconf 88' lang='lat' dir='ltr'>dentes</span> <span class='ocrx_word' id='word_1_27' title='bbox 631 780 700 845; x_wconf 93' lang='lat' dir='ltr'>in</span> <span class='ocrx_word' id='word_1_28' title='bbox 747 802 853 844; x_wconf 85' lang='lat' dir='ltr'>eas</span> <span class='ocrx_word' id='word_1_29' title='bbox 899 779 1178 844; x_wconf 78' lang='lat' dir='ltr'>incidere</span> <span class='ocrx_word' id='word_1_30' title='bbox 1232 781 1557 867; x_wconf 82' lang='lat' dir='ltr'>regioneS,</span> <span class='ocrx_word' id='word_1_31' title='bbox 1620 803 1779 864; x_wconf 87' lang='lat' dir='ltr'>quas</span> <span class='ocrx_word' id='word_1_32' title='bbox 1824 778 2057 844; x_wconf 89' lang='lat' dir='ltr'>Hanno</span> <span class='ocrx_word' id='word_1_33' title='bbox 2121 777 2230 842; x_wconf 83' lang='lat' dir='ltr'>diu</span> <span class='ocrx_word' id='word_1_34' title='bbox 2287 777 2417 841; x_wconf 87' lang='lat' dir='ltr'>iam</span> <span class='ocrx_word' id='word_1_35' title='bbox 2463 777 2876 863; x_wconf 84' lang='lat' dir='ltr'>praenaviga-</span> 
     </span>
     <span class='ocr_line' id='line_1_5' title="bbox 360 883 2879 972; baseline -0.002 -21"><span class='ocrx_word' id='word_1_36' title='bbox 360 892 566 972; x_wconf 86' lang='lat' dir='ltr'>verat,</span> <span class='ocrx_word' id='word_1_37' title='bbox 612 887 990 972; x_wconf 82' lang='lat' dir='ltr'><strong>priusquam</strong></span> <span class='ocrx_word' id='word_1_38' title='bbox 1036 888 1117 951; x_wconf 91' lang='lat' dir='ltr'>ad</span> <span class='ocrx_word' id='word_1_39' title='bbox 1152 886 1544 972; x_wconf 91' lang='lat' dir='ltr'>Hesperium</span> <span class='ocrx_word' id='word_1_40' title='bbox 1591 885 2114 971; x_wconf 84' lang='lat' dir='ltr'>promunturium</span> <span class='ocrx_word' id='word_1_41' title='bbox 2160 884 2535 968; x_wconf 73' lang='lat' dir='ltr'>appelleret.</span> <span class='ocrx_word' id='word_1_42' title='bbox 2610 883 2879 970; x_wconf 82' lang='lat' dir='ltr'>Singula</span> 
     </span>
     <span class='ocr_line' id='line_1_6' title="bbox 366 990 2880 1078; baseline -0.001 -20"><span class='ocrx_word' id='word_1_43' title='bbox 366 999 584 1059; x_wconf 90' lang='lat' dir='ltr'>autem</span> <span class='ocrx_word' id='word_1_44' title='bbox 628 994 697 1059; x_wconf 94' lang='lat' dir='ltr'>in</span> <span class='ocrx_word' id='word_1_45' title='bbox 733 993 1090 1060; x_wconf 73' lang='lat' dir='ltr'>Ptolemaei</span> <span class='ocrx_word' id='word_1_46' title='bbox 1129 994 1372 1058; x_wconf 89' lang='lat' dir='ltr'>tabulis</span> <span class='ocrx_word' id='word_1_47' title='bbox 1413 993 1734 1078; x_wconf 91' lang='lat' dir='ltr'>quomodo</span> <span class='ocrx_word' id='word_1_48' title='bbox 1774 990 2133 1055; x_wconf 85' lang='lat' dir='ltr'>definienda</span> <span class='ocrx_word' id='word_1_49' title='bbox 2170 991 2319 1077; x_wconf 91' lang='lat' dir='ltr'>sint,</span> <span class='ocrx_word' id='word_1_50' title='bbox 2364 991 2651 1057; x_wconf 89' lang='lat' dir='ltr'>nondum</span> <span class='ocrx_word' id='word_1_51' title='bbox 2686 991 2880 1056; x_wconf 89' lang='lat' dir='ltr'>huius</span> 
     </span>
     <span class='ocr_line' id='line_1_7' title="bbox 368 1099 1005 1187; baseline 0.002 -22"><span class='ocrx_word' id='word_1_52' title='bbox 368 1099 494 1165; x_wconf 91' lang='lat' dir='ltr'>loci</span> <span class='ocrx_word' id='word_1_53' title='bbox 542 1105 639 1166; x_wconf 91' lang='lat' dir='ltr'>est</span> <span class='ocrx_word' id='word_1_54' title='bbox 686 1101 1005 1187; x_wconf 84' lang='lat' dir='ltr'>persequi.</span> 
     </span>
    </p>

    <p class='ocr_par' dir='ltr' id='par_1_3' title="bbox 363 1205 2882 1615">
     <span class='ocr_line' id='line_1_8' title="bbox 540 1205 2879 1293; baseline 0 -22"><span class='ocrx_word' id='word_1_55' title='bbox 540 1206 678 1272; x_wconf 88' lang='lat' dir='ltr'>Iam</span> <span class='ocrx_word' id='word_1_56' title='bbox 738 1212 812 1273; x_wconf 91' lang='lat' dir='ltr'>ut</span> <span class='ocrx_word' id='word_1_57' title='bbox 877 1231 1040 1293; x_wconf 92' lang='lat' dir='ltr'>quae</span> <span class='ocrx_word' id='word_1_58' title='bbox 1095 1209 1429 1293; x_wconf 90' lang='lat' dir='ltr'>hucusque</span> <span class='ocrx_word' id='word_1_59' title='bbox 1490 1206 1789 1292; x_wconf 78' lang='lat' dir='ltr'>exposui,</span> <span class='ocrx_word' id='word_1_60' title='bbox 1854 1205 2079 1290; x_wconf 78' lang='lat' dir='ltr'>paucis</span> <span class='ocrx_word' id='word_1_61' title='bbox 2143 1206 2558 1293; x_wconf 89' lang='lat' dir='ltr'>complectar,</span> <span class='ocrx_word' id='word_1_62' title='bbox 2624 1207 2879 1271; x_wconf 92' lang='lat' dir='ltr'>demon-</span> 
     </span>
     <span class='ocr_line' id='line_1_9' title="bbox 369 1313 2880 1401; baseline 0 -23"><span class='ocrx_word' id='word_1_63' title='bbox 369 1318 604 1379; x_wconf 87' lang='lat' dir='ltr'>strasse</span> <span class='ocrx_word' id='word_1_64' title='bbox 669 1315 830 1379; x_wconf 87' lang='grc'>1111111</span> <span class='ocrx_word' id='word_1_65' title='bbox 883 1315 1131 1401; x_wconf 87' lang='lat' dir='ltr'>videor,</span> <span class='ocrx_word' id='word_1_66' title='bbox 1196 1316 1318 1381; x_wconf 90' lang='lat' dir='ltr'>etsi</span> <span class='ocrx_word' id='word_1_67' title='bbox 1381 1314 1905 1380; x_wconf 75' lang='lat' dir='ltr'>testimoniorum</span> <span class='ocrx_word' id='word_1_68' title='bbox 1969 1313 2243 1397; x_wconf 89' lang='lat' dir='ltr'>penuria</span> <span class='ocrx_word' id='word_1_69' title='bbox 2295 1336 2429 1379; x_wconf 89' lang='lat' dir='ltr'>non</span> <span class='ocrx_word' id='word_1_70' title='bbox 2490 1313 2880 1399; x_wconf 79' lang='lat' dir='ltr'>laboramuS,</span> 
     </span>
     <span class='ocr_line' id='line_1_10' title="bbox 363 1420 2879 1508; baseline 0 -24"><span class='ocrx_word' id='word_1_71' title='bbox 363 1424 581 1485; x_wconf 91' lang='lat' dir='ltr'>tamen</span> <span class='ocrx_word' id='word_1_72' title='bbox 633 1421 728 1485; x_wconf 91' lang='lat' dir='ltr'>nil</span> <span class='ocrx_word' id='word_1_73' title='bbox 784 1421 877 1485; x_wconf 88' lang='lat' dir='ltr'>eis</span> <span class='ocrx_word' id='word_1_74' title='bbox 939 1421 1283 1508; x_wconf 77' lang='lat' dir='ltr'>contineri,</span> <span class='ocrx_word' id='word_1_75' title='bbox 1349 1422 1522 1506; x_wconf 92' lang='lat' dir='ltr'>quod</span> <span class='ocrx_word' id='word_1_76' title='bbox 1574 1444 1707 1487; x_wconf 90' lang='lat' dir='ltr'>non</span> <span class='ocrx_word' id='word_1_77' title='bbox 1762 1420 1920 1486; x_wconf 91' lang='lat' dir='ltr'>satis</span> <span class='ocrx_word' id='word_1_78' title='bbox 1976 1421 2325 1486; x_wconf 89' lang='lat' dir='ltr'>obscurum</span> <span class='ocrx_word' id='word_1_79' title='bbox 2386 1421 2473 1486; x_wconf 91' lang='lat' dir='ltr'>sit</span> <span class='ocrx_word' id='word_1_80' title='bbox 2520 1426 2585 1485; x_wconf 90' lang='lat' dir='ltr'>et</span> <span class='ocrx_word' id='word_1_81' title='bbox 2631 1420 2879 1485; x_wconf 88' lang='lat' dir='ltr'>inutile.</span> 
     </span>
     <span class='ocr_line' id='line_1_11' title="bbox 364 1525 2882 1615; baseline -0.001 -23"><span class='ocrx_word' id='word_1_82' title='bbox 364 1527 504 1605; x_wconf 83' lang='lat' dir='ltr'>Quo</span> <span class='ocrx_word' id='word_1_83' title='bbox 552 1528 759 1615; x_wconf 87' lang='lat' dir='ltr'>magis</span> <span class='ocrx_word' id='word_1_84' title='bbox 805 1528 1056 1614; x_wconf 74' lang='grc' dir='ltr'>1111101,Δ</span> <span class='ocrx_word' id='word_1_85' title='bbox 1089 1529 1262 1613; x_wconf 90' lang='lat' dir='ltr'>quod</span> <span class='ocrx_word' id='word_1_86' title='bbox 1317 1551 1539 1594; x_wconf 91' lang='lat' dir='ltr'>omnes</span> <span class='ocrx_word' id='word_1_87' title='bbox 1585 1528 1794 1594; x_wconf 90' lang='lat' dir='ltr'>adhuc</span> <span class='ocrx_word' id='word_1_88' title='bbox 1850 1526 2171 1613; x_wconf 83' lang='lat' dir='ltr'>philologi</span> <span class='ocrx_word' id='word_1_89' title='bbox 2228 1533 2293 1592; x_wconf 90' lang='lat' dir='ltr'>et</span> <span class='ocrx_word' id='word_1_90' title='bbox 2340 1525 2768 1614; x_wconf 80' lang='lat' dir='ltr'>geographi1)</span> <span class='ocrx_word' id='word_1_91' title='bbox 2815 1527 2882 1590; x_wconf 93' lang='lat' dir='ltr'>id</span> 
     </span>
    </p>
   </div>
   <div class='ocr_carea' id='block_1_3' title="bbox 363 1634 3029 1721">
    <p class='ocr_par' dir='ltr' id='par_1_4' title="bbox 363 1634 3029 1721">
     <span class='ocr_line' id='line_1_12' title="bbox 363 1634 3029 1721; baseline 0 -23"><span class='ocrx_word' id='word_1_92' title='bbox 363 1636 769 1700; x_wconf 85' lang='lat' dir='ltr'>affirmarunt</span> <span class='ocrx_word' id='word_1_93' title='bbox 823 1635 1045 1719; x_wconf 90' lang='lat' dir='ltr'>potius</span> <span class='ocrx_word' id='word_1_94' title='bbox 1103 1659 1296 1720; x_wconf 92' lang='lat' dir='ltr'>quam</span> <span class='ocrx_word' id='word_1_95' title='bbox 1352 1637 1716 1701; x_wconf 88' lang='lat' dir='ltr'>iudicarunt</span> <span class='ocrx_word' id='word_1_96' title='bbox 1774 1634 2161 1719; x_wconf 89' lang='lat' dir='ltr'>disputando</span> <span class='ocrx_word' id='word_1_97' title='bbox 2172 1687 2189 1721; x_wconf 91' lang='lat'>,</span> <span class='ocrx_word' id='word_1_98' title='bbox 2244 1639 2535 1700; x_wconf 86' lang='lat' dir='ltr'>veterum</span> <span class='ocrx_word' id='word_1_99' title='bbox 2581 1635 2880 1719; x_wconf 90' lang='lat' dir='ltr'>Hesperu</span> <span class='ocrx_word' id='word_1_100' title='bbox 3003 1643 3029 1661; x_wconf 60' lang='lat'>²</span> 
     </span>
    </p>
   </div>
   <div class='ocr_carea' id='block_1_4' title="bbox 361 1740 2883 4399">
    <p class='ocr_par' dir='ltr' id='par_1_5' title="bbox 361 1740 2883 3754">
     <span class='ocr_line' id='line_1_13' title="bbox 363 1740 2880 1826; baseline -0.001 -20"><span class='ocrx_word' id='word_1_101' title='bbox 363 1740 554 1806; x_wconf 83' lang='lat' dir='ltr'>Ceras</span> <span class='ocrx_word' id='word_1_102' title='bbox 613 1742 1129 1826; x_wconf 91' lang='lat' dir='ltr'>componendum</span> <span class='ocrx_word' id='word_1_103' title='bbox 1186 1766 1324 1808; x_wconf 90' lang='lat' dir='ltr'>esse</span> <span class='ocrx_word' id='word_1_104' title='bbox 1373 1766 1519 1808; x_wconf 94' lang='lat' dir='ltr'>cum</span> <span class='ocrx_word' id='word_1_105' title='bbox 1563 1743 1876 1807; x_wconf 87' lang='lat' dir='ltr'>hodierno</span> <span class='ocrx_word' id='word_1_106' title='bbox 1926 1742 2379 1826; x_wconf 90' lang='lat' dir='ltr'>promunturio</span> <span class='ocrx_word' id='word_1_107' title='bbox 2438 1744 2658 1809; x_wconf 69' lang='lat' dir='ltr'>Verde:</span> <span class='ocrx_word' id='word_1_108' title='bbox 2718 1764 2880 1826; x_wconf 91' lang='lat' dir='ltr'>quae</span> 
     </span>
     <span class='ocr_line' id='line_1_14' title="bbox 361 1848 2880 1936; baseline -0 -23"><span class='ocrx_word' id='word_1_109' title='bbox 361 1848 793 1933; x_wconf 88' lang='lat' dir='ltr'>protulerunt,</span> <span class='ocrx_word' id='word_1_110' title='bbox 840 1853 914 1913; x_wconf 89' lang='lat' dir='ltr'>ut</span> <span class='ocrx_word' id='word_1_111' title='bbox 959 1849 1153 1913; x_wconf 89' lang='lat' dir='ltr'>istam</span> <span class='ocrx_word' id='word_1_112' title='bbox 1201 1850 1573 1915; x_wconf 84' lang='lat' dir='ltr'>stabilirent</span> <span class='ocrx_word' id='word_1_113' title='bbox 1615 1850 2068 1935; x_wconf 88' lang='lat' dir='ltr'>coniecturam,</span> <span class='ocrx_word' id='word_1_114' title='bbox 2114 1873 2246 1914; x_wconf 93' lang='lat' dir='ltr'>non</span> <span class='ocrx_word' id='word_1_115' title='bbox 2293 1854 2674 1936; x_wconf 89' lang='lat' dir='ltr'>argumenta</span> <span class='ocrx_word' id='word_1_116' title='bbox 2712 1852 2880 1932; x_wconf 88' lang='lat' dir='ltr'>sunt,</span> 
     </span>
     <span class='ocr_line' id='line_1_15' title="bbox 363 1955 2883 2042; baseline -0 -22"><span class='ocrx_word' id='word_1_117' title='bbox 363 1956 476 2020; x_wconf 92' lang='lat' dir='ltr'>sed</span> <span class='ocrx_word' id='word_1_118' title='bbox 530 1956 754 2020; x_wconf 70' lang='grc' dir='ltr'>11011)οε</span> <span class='ocrx_word' id='word_1_119' title='bbox 820 1955 1020 2021; x_wconf 76' lang='grc' dir='ltr'>Ὃ’001·,</span> <span class='ocrx_word' id='word_1_120' title='bbox 1073 1957 1134 2020; x_wconf 90' lang='grc'>10</span> <span class='ocrx_word' id='word_1_121' title='bbox 1191 1957 1380 2041; x_wconf 91' lang='lat' dir='ltr'>point</span> <span class='ocrx_word' id='word_1_122' title='bbox 1434 1957 1495 2021; x_wconf 93' lang='lat' dir='ltr'>le</span> <span class='ocrx_word' id='word_1_123' title='bbox 1551 1957 1701 2042; x_wconf 91' lang='lat' dir='ltr'>plus</span> <span class='ocrx_word' id='word_1_124' title='bbox 1765 1956 2121 2021; x_wconf 84' lang='lat' dir='ltr'>occidental</span> <span class='ocrx_word' id='word_1_125' title='bbox 2181 1957 2256 2021; x_wconf 89' lang='lat' dir='ltr'>de</span> <span class='ocrx_word' id='word_1_126' title='bbox 2311 1961 2494 2022; x_wconf 90' lang='lat' dir='ltr'>toute</span> <span class='ocrx_word' id='word_1_127' title='bbox 2550 1955 2883 2040; x_wconf 79' lang='lat' dir='ltr'>l&#39;Afrique,</span> 
     </span>
     <span class='ocr_line' id='line_1_16' title="bbox 362 2062 2881 2148; baseline -0 -21"><span class='ocrx_word' id='word_1_128' title='bbox 362 2085 609 2127; x_wconf 92' lang='lat' dir='ltr'>comme</span> <span class='ocrx_word' id='word_1_129' title='bbox 647 2062 708 2126; x_wconf 95' lang='lat' dir='ltr'>le</span> <span class='ocrx_word' id='word_1_130' title='bbox 748 2085 865 2147; x_wconf 90' lang='lat' dir='ltr'>cap</span> <span class='ocrx_word' id='word_1_131' title='bbox 907 2062 1259 2128; x_wconf 79' lang='lat' dir='ltr'>Guardafui</span> <span class='ocrx_word' id='word_1_132' title='bbox 1298 2067 1336 2128; x_wconf 77' lang='lat' dir='ltr'>a</span> <span class='ocrx_word' id='word_1_133' title='bbox 1376 2065 1549 2130; x_wconf 87' lang='lat'>1700</span> <span class='ocrx_word' id='word_1_134' title='bbox 1585 2063 1789 2128; x_wconf 85' lang='lat' dir='ltr'>lienes</span> <span class='ocrx_word' id='word_1_135' title='bbox 1828 2062 1904 2126; x_wconf 91' lang='lat' dir='ltr'>de</span> <span class='ocrx_word' id='word_1_136' title='bbox 1942 2063 2025 2147; x_wconf 80' lang='lat' dir='ltr'>la,</span> <span class='ocrx_word' id='word_1_137' title='bbox 2063 2086 2340 2148; x_wconf 89' lang='lat' dir='ltr'>presque</span> <span class='ocrx_word' id='word_1_138' title='bbox 2378 2085 2531 2128; x_wconf 89' lang='lat' dir='ltr'>sous</span> <span class='ocrx_word' id='word_1_139' title='bbox 2575 2064 2638 2127; x_wconf 91' lang='lat' dir='ltr'>le</span> <span class='ocrx_word' id='word_1_140' title='bbox 2675 2067 2881 2127; x_wconf 73' lang='lat' dir='ltr'>meme</span> 
     </span>
     <span class='ocr_line' id='line_1_17' title="bbox 364 2168 2879 2256; baseline 0 -23"><span class='ocrx_word' id='word_1_141' title='bbox 364 2169 691 2256; x_wconf 82' lang='lat' dir='ltr'>parallele,</span> <span class='ocrx_word' id='word_1_142' title='bbox 748 2193 828 2234; x_wconf 92' lang='lat' dir='ltr'>en</span> <span class='ocrx_word' id='word_1_143' title='bbox 894 2175 992 2235; x_wconf 89' lang='lat' dir='ltr'>est</span> <span class='ocrx_word' id='word_1_144' title='bbox 1045 2170 1107 2234; x_wconf 93' lang='lat' dir='ltr'>le</span> <span class='ocrx_word' id='word_1_145' title='bbox 1162 2171 1352 2255; x_wconf 91' lang='lat' dir='ltr'>point</span> <span class='ocrx_word' id='word_1_146' title='bbox 1409 2171 1471 2235; x_wconf 91' lang='lat' dir='ltr'>le</span> <span class='ocrx_word' id='word_1_147' title='bbox 1527 2171 1678 2255; x_wconf 89' lang='lat' dir='ltr'>plus</span> <span class='ocrx_word' id='word_1_148' title='bbox 1726 2168 2017 2235; x_wconf 89' lang='lat' dir='ltr'>oriental.</span> <span class='ocrx_word' id='word_1_149' title='bbox 2107 2169 2583 2255; x_wconf 89' lang='lat' dir='ltr'>L&#39;appellation</span> <span class='ocrx_word' id='word_1_150' title='bbox 2637 2171 2715 2234; x_wconf 89' lang='lat' dir='ltr'>de</span> <span class='ocrx_word' id='word_1_151' title='bbox 2762 2192 2879 2254; x_wconf 91' lang='lat' dir='ltr'>cap</span> 
     </span>
     <span class='ocr_line' id='line_1_18' title="bbox 363 2276 2881 2364; baseline -0.001 -22"><span class='ocrx_word' id='word_1_152' title='bbox 363 2276 735 2342; x_wconf 87' lang='lat' dir='ltr'>Occidental</span> <span class='ocrx_word' id='word_1_153' title='bbox 799 2300 836 2340; x_wconf 88' lang='lat' dir='ltr'>a</span> <span class='ocrx_word' id='word_1_154' title='bbox 901 2278 986 2341; x_wconf 81' lang='lat' dir='ltr'>du</span> <span class='ocrx_word' id='word_1_155' title='bbox 1060 2279 1291 2344; x_wconf 80' lang='lat' dir='ltr'>s’offrir</span> <span class='ocrx_word' id='word_1_156' title='bbox 1365 2278 1778 2342; x_wconf 76' lang='lat' dir='ltr'>d&#39;elle-meme</span> <span class='ocrx_word' id='word_1_157' title='bbox 1839 2280 1878 2340; x_wconf 75' lang='lat' dir='ltr'>a</span> <span class='ocrx_word' id='word_1_158' title='bbox 1940 2276 2189 2360; x_wconf 89' lang='lat' dir='ltr'>l&#39;esprit</span> <span class='ocrx_word' id='word_1_159' title='bbox 2260 2277 2370 2341; x_wconf 85' lang='lat' dir='ltr'>des</span> <span class='ocrx_word' id='word_1_160' title='bbox 2441 2277 2881 2364; x_wconf 84' lang='lat' dir='ltr'>navigateurs:</span> 
     </span>
     <span class='ocr_line' id='line_1_19' title="bbox 364 2374 2879 2469; baseline -0 -21"><span class='ocrx_word' id='word_1_161' title='bbox 364 2384 538 2448; x_wconf 88' lang='lat' dir='ltr'>aussi</span> <span class='ocrx_word' id='word_1_162' title='bbox 584 2406 654 2448; x_wconf 92' lang='lat' dir='ltr'>ce</span> <span class='ocrx_word' id='word_1_163' title='bbox 700 2374 854 2449; x_wconf 89' lang='grc'>110111</span> <span class='ocrx_word' id='word_1_164' title='bbox 901 2385 1257 2450; x_wconf 87' lang='lat' dir='ltr'>trouve-t-il</span> <span class='ocrx_word' id='word_1_165' title='bbox 1305 2386 1462 2451; x_wconf 90' lang='lat' dir='ltr'>dans</span> <span class='ocrx_word' id='word_1_166' title='bbox 1507 2386 1572 2450; x_wconf 89' lang='lat' dir='ltr'>la</span> <span class='ocrx_word' id='word_1_167' title='bbox 1608 2385 1887 2450; x_wconf 89' lang='lat' dir='ltr'>relation</span> <span class='ocrx_word' id='word_1_168' title='bbox 1923 2384 2000 2448; x_wconf 93' lang='lat' dir='ltr'>de</span> <span class='ocrx_word' id='word_1_169' title='bbox 2037 2384 2308 2469; x_wconf 85' lang='lat' dir='ltr'>Polybe,</span> <span class='ocrx_word' id='word_1_170' title='bbox 2354 2384 2512 2449; x_wconf 88' lang='lat' dir='ltr'>dans</span> <span class='ocrx_word' id='word_1_171' title='bbox 2548 2383 2879 2448; x_wconf 76' lang='lat' dir='ltr'>Ptolemee</span> 
     </span>
     <span class='ocr_line' id='line_1_20' title="bbox 370 2488 2882 2576; baseline -0 -21"><span class='ocrx_word' id='word_1_172' title='bbox 370 2496 435 2555; x_wconf 93' lang='lat' dir='ltr'>et</span> <span class='ocrx_word' id='word_1_173' title='bbox 481 2491 742 2556; x_wconf 87' lang='lat' dir='ltr'>ailleurs</span> <span class='ocrx_word' id='word_1_174' title='bbox 789 2495 854 2556; x_wconf 89' lang='lat' dir='ltr'>et</span> <span class='ocrx_word' id='word_1_175' title='bbox 907 2492 1037 2557; x_wconf 91' lang='lat' dir='ltr'>l&#39;on</span> <span class='ocrx_word' id='word_1_176' title='bbox 1081 2515 1163 2557; x_wconf 89' lang='lat' dir='ltr'>ne</span> <span class='ocrx_word' id='word_1_177' title='bbox 1220 2492 1463 2558; x_wconf 87' lang='lat' dir='ltr'>saurait</span> <span class='ocrx_word' id='word_1_178' title='bbox 1520 2493 1750 2558; x_wconf 91' lang='lat' dir='ltr'>douter</span> <span class='ocrx_word' id='word_1_179' title='bbox 1814 2513 1938 2576; x_wconf 91' lang='lat' dir='ltr'>que</span> <span class='ocrx_word' id='word_1_180' title='bbox 1995 2494 2182 2556; x_wconf 91' lang='lat' dir='ltr'>notre</span> <span class='ocrx_word' id='word_1_181' title='bbox 2240 2514 2357 2576; x_wconf 90' lang='lat' dir='ltr'>cap</span> <span class='ocrx_word' id='word_1_182' title='bbox 2405 2490 2570 2557; x_wconf 89' lang='lat' dir='ltr'>Vert</span> <span class='ocrx_word' id='word_1_183' title='bbox 2624 2513 2705 2555; x_wconf 90' lang='lat' dir='ltr'>ne</span> <span class='ocrx_word' id='word_1_184' title='bbox 2753 2488 2882 2556; x_wconf 90' lang='lat' dir='ltr'>soit</span> 
     </span>
     <span class='ocr_line' id='line_1_21' title="bbox 365 2594 2881 2687; baseline -0 -25"><span class='ocrx_word' id='word_1_185' title='bbox 365 2599 431 2662; x_wconf 91' lang='lat' dir='ltr'>le</span> <span class='ocrx_word' id='word_1_186' title='bbox 494 2599 678 2682; x_wconf 91' lang='lat' dir='ltr'>point</span> <span class='ocrx_word' id='word_1_187' title='bbox 741 2600 977 2683; x_wconf 90' lang='lat' dir='ltr'>auquel</span> <span class='ocrx_word' id='word_1_188' title='bbox 1042 2600 1089 2664; x_wconf 96' lang='lat' dir='ltr'>il</span> <span class='ocrx_word' id='word_1_189' title='bbox 1155 2601 1542 2685; x_wconf 85' lang='lat' dir='ltr'>s’applique&#39;</span> <span class='ocrx_word' id='word_1_190' title='bbox 1598 2599 1706 2687; x_wconf 84' lang='lat' dir='ltr'>(cf.</span> <span class='ocrx_word' id='word_1_191' title='bbox 1767 2600 1984 2666; x_wconf 77' lang='lat' dir='ltr'>Vivien</span> <span class='ocrx_word' id='word_1_192' title='bbox 2041 2600 2114 2664; x_wconf 83' lang='lat' dir='ltr'>de</span> <span class='ocrx_word' id='word_1_193' title='bbox 2161 2599 2250 2665; x_wconf 77' lang='lat' dir='ltr'>St.</span> <span class='ocrx_word' id='word_1_194' title='bbox 2300 2599 2551 2665; x_wconf 78' lang='lat' dir='ltr'>Martin</span> <span class='ocrx_word' id='word_1_195' title='bbox 2598 2623 2661 2684; x_wconf 92' lang='lat' dir='ltr'>p.</span> <span class='ocrx_word' id='word_1_196' title='bbox 2702 2594 2881 2684; x_wconf 83' lang='lat'>389).</span> 
     </span>
     <span class='ocr_line' id='line_1_22' title="bbox 376 2704 2881 2791; baseline -0 -23"><span class='ocrx_word' id='word_1_197' title='bbox 376 2704 559 2781; x_wconf 86' lang='lat' dir='ltr'>Quod</span> <span class='ocrx_word' id='word_1_198' title='bbox 602 2705 919 2770; x_wconf 92' lang='lat' dir='ltr'>communi</span> <span class='ocrx_word' id='word_1_199' title='bbox 975 2706 1234 2791; x_wconf 92' lang='lat' dir='ltr'>quidem</span> <span class='ocrx_word' id='word_1_200' title='bbox 1288 2708 1460 2772; x_wconf 86' lang='lat' dir='ltr'>fama</span> <span class='ocrx_word' id='word_1_201' title='bbox 1507 2708 1917 2771; x_wconf 87' lang='lat' dir='ltr'>decantatum</span> <span class='ocrx_word' id='word_1_202' title='bbox 1965 2709 2088 2790; x_wconf 89' lang='lat' dir='ltr'>est;</span> <span class='ocrx_word' id='word_1_203' title='bbox 2144 2709 2429 2769; x_wconf 89' lang='lat' dir='ltr'>attamen</span> <span class='ocrx_word' id='word_1_204' title='bbox 2485 2725 2881 2791; x_wconf 83' lang='lat' dir='ltr'>magnopere</span> 
     </span>
     <span class='ocr_line' id='line_1_23' title="bbox 373 2812 2878 2900; baseline 0 -25"><span class='ocrx_word' id='word_1_205' title='bbox 373 2833 616 2896; x_wconf 87' lang='lat' dir='ltr'>vereor,</span> <span class='ocrx_word' id='word_1_206' title='bbox 668 2833 748 2876; x_wconf 92' lang='lat' dir='ltr'>ne</span> <span class='ocrx_word' id='word_1_207' title='bbox 797 2835 834 2875; x_wconf 88' lang='lat' dir='ltr'>a</span> <span class='ocrx_word' id='word_1_208' title='bbox 877 2835 1028 2877; x_wconf 86' lang='lat' dir='ltr'>vero</span> <span class='ocrx_word' id='word_1_209' title='bbox 1089 2812 1262 2877; x_wconf 89' lang='lat' dir='ltr'>absit</span> <span class='ocrx_word' id='word_1_210' title='bbox 1307 2812 1701 2900; x_wconf 88' lang='lat' dir='ltr'>longissime.</span> <span class='ocrx_word' id='word_1_211' title='bbox 1793 2812 2015 2878; x_wconf 88' lang='lat' dir='ltr'>Unum</span> <span class='ocrx_word' id='word_1_212' title='bbox 2062 2812 2251 2877; x_wconf 91' lang='lat' dir='ltr'>addo:</span> <span class='ocrx_word' id='word_1_213' title='bbox 2316 2817 2665 2898; x_wconf 89' lang='lat' dir='ltr'>postquam</span> <span class='ocrx_word' id='word_1_214' title='bbox 2710 2813 2878 2877; x_wconf 90' lang='lat' dir='ltr'>hanc</span> 
     </span>
     <span class='ocr_line' id='line_1_24' title="bbox 366 2918 2881 3006; baseline 0 -24"><span class='ocrx_word' id='word_1_215' title='bbox 366 2918 754 2983; x_wconf 88' lang='lat' dir='ltr'>sententiam</span> <span class='ocrx_word' id='word_1_216' title='bbox 798 2923 1055 2985; x_wconf 88' lang='lat' dir='ltr'>nostrae</span> <span class='ocrx_word' id='word_1_217' title='bbox 1112 2920 1344 2985; x_wconf 89' lang='lat' dir='ltr'>aetatis</span> <span class='ocrx_word' id='word_1_218' title='bbox 1387 2920 1509 2985; x_wconf 84' lang='lat' dir='ltr'>viri</span> <span class='ocrx_word' id='word_1_219' title='bbox 1571 2919 1746 2985; x_wconf 90' lang='lat' dir='ltr'>docti</span> <span class='ocrx_word' id='word_1_220' title='bbox 1792 2919 1921 2985; x_wconf 90' lang='lat' dir='ltr'>sibi</span> <span class='ocrx_word' id='word_1_221' title='bbox 1979 2919 2457 3006; x_wconf 82' lang='lat' dir='ltr'>excogitarunt,</span> <span class='ocrx_word' id='word_1_222' title='bbox 2519 2920 2674 3004; x_wconf 91' lang='lat' dir='ltr'>quid</span> <span class='ocrx_word' id='word_1_223' title='bbox 2727 2920 2881 2984; x_wconf 89' lang='lat' dir='ltr'>hinc</span> 
     </span>
     <span class='ocr_line' id='line_1_25' title="bbox 364 3025 2879 3113; baseline 0.001 -24"><span class='ocrx_word' id='word_1_224' title='bbox 364 3025 718 3110; x_wconf 85' lang='lat' dir='ltr'>proclivius</span> <span class='ocrx_word' id='word_1_225' title='bbox 767 3031 928 3113; x_wconf 90' lang='lat' dir='ltr'>erat,</span> <span class='ocrx_word' id='word_1_226' title='bbox 985 3049 1179 3112; x_wconf 92' lang='lat' dir='ltr'>quam</span> <span class='ocrx_word' id='word_1_227' title='bbox 1235 3027 1407 3092; x_wconf 89' lang='lat' dir='ltr'>idem</span> <span class='ocrx_word' id='word_1_228' title='bbox 1462 3032 1745 3093; x_wconf 88' lang='lat' dir='ltr'>statuere</span> <span class='ocrx_word' id='word_1_229' title='bbox 1803 3028 1879 3091; x_wconf 94' lang='lat' dir='ltr'>de</span> <span class='ocrx_word' id='word_1_230' title='bbox 1925 3026 2291 3091; x_wconf 79' lang='lat' dir='ltr'>Hannone?</span> <span class='ocrx_word' id='word_1_231' title='bbox 2355 3025 2480 3091; x_wconf 83' lang='lat' dir='ltr'>Sed</span> <span class='ocrx_word' id='word_1_232' title='bbox 2536 3026 2692 3111; x_wconf 93' lang='lat' dir='ltr'>quid</span> <span class='ocrx_word' id='word_1_233' title='bbox 2739 3027 2879 3091; x_wconf 85' lang='grc'>(1100</span> 
     </span>
     <span class='ocr_line' id='line_1_26' title="bbox 367 3132 2879 3218; baseline 0.001 -21"><span class='ocrx_word' id='word_1_234' title='bbox 367 3133 705 3217; x_wconf 80' lang='lat' dir='ltr'>proclive?</span> <span class='ocrx_word' id='word_1_235' title='bbox 758 3133 1138 3200; x_wconf 86' lang='lat' dir='ltr'>Necessario</span> <span class='ocrx_word' id='word_1_236' title='bbox 1177 3134 1290 3198; x_wconf 91' lang='lat' dir='ltr'>illa</span> <span class='ocrx_word' id='word_1_237' title='bbox 1329 3133 1551 3218; x_wconf 91' lang='lat' dir='ltr'>opinio</span> <span class='ocrx_word' id='word_1_238' title='bbox 1591 3135 1787 3199; x_wconf 88' lang='lat' dir='ltr'>etiam</span> <span class='ocrx_word' id='word_1_239' title='bbox 1825 3135 1907 3199; x_wconf 86' lang='lat' dir='ltr'>ad</span> <span class='ocrx_word' id='word_1_240' title='bbox 1932 3132 2273 3198; x_wconf 89' lang='lat' dir='ltr'>Hannonis</span> <span class='ocrx_word' id='word_1_241' title='bbox 2311 3132 2642 3218; x_wconf 91' lang='lat' dir='ltr'>periplum</span> <span class='ocrx_word' id='word_1_242' title='bbox 2678 3138 2879 3199; x_wconf 88' lang='lat' dir='ltr'>trans-</span> 
     </span>
     <span class='ocr_line' id='line_1_27' title="bbox 367 3240 2877 3328; baseline 0 -24"><span class='ocrx_word' id='word_1_243' title='bbox 367 3240 631 3305; x_wconf 85' lang='lat' dir='ltr'>ferenda</span> <span class='ocrx_word' id='word_1_244' title='bbox 677 3245 841 3305; x_wconf 88' lang='lat' dir='ltr'>erat:</span> <span class='ocrx_word' id='word_1_245' title='bbox 903 3263 1054 3305; x_wconf 89' lang='lat' dir='ltr'>nam</span> <span class='ocrx_word' id='word_1_246' title='bbox 1101 3241 1334 3326; x_wconf 91' lang='lat' dir='ltr'>reliqui</span> <span class='ocrx_word' id='word_1_247' title='bbox 1391 3241 1753 3328; x_wconf 87' lang='lat' dir='ltr'>geographi</span> <span class='ocrx_word' id='word_1_248' title='bbox 1798 3241 2132 3325; x_wconf 91' lang='lat' dir='ltr'>hucusque</span> <span class='ocrx_word' id='word_1_249' title='bbox 2189 3244 2361 3305; x_wconf 91' lang='lat' dir='ltr'>certe</span> <span class='ocrx_word' id='word_1_250' title='bbox 2407 3263 2540 3305; x_wconf 91' lang='lat' dir='ltr'>non</span> <span class='ocrx_word' id='word_1_251' title='bbox 2585 3245 2877 3325; x_wconf 88' lang='lat' dir='ltr'>penetra-</span> 
     </span>
     <span class='ocr_line' id='line_1_28' title="bbox 362 3345 2880 3438; baseline 0.001 -27"><span class='ocrx_word' id='word_1_252' title='bbox 362 3351 624 3433; x_wconf 85' lang='lat' dir='ltr'>verunt,</span> <span class='ocrx_word' id='word_1_253' title='bbox 672 3348 834 3412; x_wconf 91' lang='lat' dir='ltr'>adiit</span> <span class='ocrx_word' id='word_1_254' title='bbox 878 3353 1048 3413; x_wconf 89' lang='lat' dir='ltr'>certe</span> <span class='ocrx_word' id='word_1_255' title='bbox 1094 3348 1212 3413; x_wconf 91' lang='lat' dir='ltr'>has</span> <span class='ocrx_word' id='word_1_256' title='bbox 1268 3353 1473 3413; x_wconf 90' lang='lat' dir='ltr'>terras</span> <span class='ocrx_word' id='word_1_257' title='bbox 1521 3347 2153 3435; x_wconf 86' lang='lat' dir='ltr'>Carthaginiensium</span> <span class='ocrx_word' id='word_1_258' title='bbox 2201 3346 2347 3438; x_wconf 86' lang='lat' dir='ltr'>dux.</span> <span class='ocrx_word' id='word_1_259' title='bbox 2438 3345 2880 3413; x_wconf 88' lang='lat' dir='ltr'>Nihilominus</span> 
     </span>
     <span class='ocr_line' id='line_1_29' title="bbox 361 3454 2882 3540; baseline 0.001 -21"><span class='ocrx_word' id='word_1_260' title='bbox 361 3478 514 3519; x_wconf 86' lang='lat' dir='ltr'>vero</span> <span class='ocrx_word' id='word_1_261' title='bbox 561 3454 756 3518; x_wconf 90' lang='lat' dir='ltr'>huius</span> <span class='ocrx_word' id='word_1_262' title='bbox 792 3454 1184 3539; x_wconf 89' lang='lat' dir='ltr'>Hesperium</span> <span class='ocrx_word' id='word_1_263' title='bbox 1221 3456 1746 3540; x_wconf 90' lang='lat' dir='ltr'>promunturium</span> <span class='ocrx_word' id='word_1_264' title='bbox 1784 3454 1981 3540; x_wconf 86' lang='lat' dir='ltr'>vulgo</span> <span class='ocrx_word' id='word_1_265' title='bbox 2029 3457 2369 3518; x_wconf 89' lang='lat' dir='ltr'>autumant</span> <span class='ocrx_word' id='word_1_266' title='bbox 2406 3476 2544 3519; x_wconf 90' lang='lat' dir='ltr'>esse</span> <span class='ocrx_word' id='word_1_267' title='bbox 2579 3454 2882 3521; x_wconf 79' lang='lat' dir='ltr'>Gambiae</span> 
     </span>
     <span class='ocr_line' id='line_1_30' title="bbox 363 3561 2881 3648; baseline -0 -22"><span class='ocrx_word' id='word_1_268' title='bbox 363 3562 651 3627; x_wconf 90' lang='lat' dir='ltr'>fluminis</span> <span class='ocrx_word' id='word_1_269' title='bbox 698 3561 865 3626; x_wconf 89' lang='lat' dir='ltr'>ostio</span> <span class='ocrx_word' id='word_1_270' title='bbox 913 3562 1349 3647; x_wconf 90' lang='lat' dir='ltr'>propinquam</span> <span class='ocrx_word' id='word_1_271' title='bbox 1396 3563 1700 3648; x_wconf 87' lang='lat' dir='ltr'>insulam,</span> <span class='ocrx_word' id='word_1_272' title='bbox 1758 3562 1861 3627; x_wconf 90' lang='lat' dir='ltr'>cui</span> <span class='ocrx_word' id='word_1_273' title='bbox 1909 3583 2022 3626; x_wconf 92' lang='lat' dir='ltr'>cur</span> <span class='ocrx_word' id='word_1_274' title='bbox 2076 3561 2240 3626; x_wconf 89' lang='lat' dir='ltr'>illud</span> <span class='ocrx_word' id='word_1_275' title='bbox 2283 3583 2518 3626; x_wconf 91' lang='lat' dir='ltr'>nomen</span> <span class='ocrx_word' id='word_1_276' title='bbox 2575 3561 2881 3627; x_wconf 86' lang='lat' dir='ltr'>indiderit</span> 
     </span>
     <span class='ocr_line' id='line_1_31' title="bbox 364 3668 1551 3754; baseline 0.002 -22"><span class='ocrx_word' id='word_1_277' title='bbox 364 3669 600 3733; x_wconf 89' lang='lat' dir='ltr'>Hanno</span> <span class='ocrx_word' id='word_1_278' title='bbox 617 3720 634 3754; x_wconf 90' lang='lat'>,</span> <span class='ocrx_word' id='word_1_279' title='bbox 679 3668 842 3732; x_wconf 89' lang='lat' dir='ltr'>latet</span> <span class='ocrx_word' id='word_1_280' title='bbox 889 3672 955 3733; x_wconf 91' lang='lat' dir='ltr'>et</span> <span class='ocrx_word' id='word_1_281' title='bbox 1001 3691 1256 3754; x_wconf 91' lang='lat' dir='ltr'>semper</span> <span class='ocrx_word' id='word_1_282' title='bbox 1292 3669 1551 3751; x_wconf 76' lang='lat' dir='ltr'>latebit.</span> 
     </span>
    </p>

    <p class='ocr_par' dir='ltr' id='par_1_6' title="bbox 365 3774 2881 4399">
     <span class='ocr_line' id='line_1_32' title="bbox 544 3774 2879 3861; baseline 0 -21"><span class='ocrx_word' id='word_1_283' title='bbox 544 3775 671 3841; x_wconf 83' lang='lat' dir='ltr'>Sed</span> <span class='ocrx_word' id='word_1_284' title='bbox 736 3774 891 3860; x_wconf 91' lang='lat' dir='ltr'>quid</span> <span class='ocrx_word' id='word_1_285' title='bbox 954 3776 1325 3842; x_wconf 89' lang='lat' dir='ltr'>laboramus</span> <span class='ocrx_word' id='word_1_286' title='bbox 1391 3777 1790 3861; x_wconf 82' lang='lat' dir='ltr'>explicandis</span> <span class='ocrx_word' id='word_1_287' title='bbox 1856 3799 2019 3861; x_wconf 89' lang='lat' dir='ltr'>quae</span> <span class='ocrx_word' id='word_1_288' title='bbox 2086 3781 2152 3841; x_wconf 92' lang='lat' dir='ltr'>et</span> <span class='ocrx_word' id='word_1_289' title='bbox 2216 3781 2466 3841; x_wconf 87' lang='lat' dir='ltr'>veteres</span> <span class='ocrx_word' id='word_1_290' title='bbox 2530 3775 2879 3861; x_wconf 88' lang='lat' dir='ltr'>scriptores</span> 
     </span>
     <span class='ocr_line' id='line_1_33' title="bbox 365 3881 2880 3970; baseline 0.001 -22"><span class='ocrx_word' id='word_1_291' title='bbox 365 3883 529 3948; x_wconf 89' lang='lat' dir='ltr'>mira</span> <span class='ocrx_word' id='word_1_292' title='bbox 576 3881 990 3966; x_wconf 89' lang='lat' dir='ltr'>protulerunt</span> <span class='ocrx_word' id='word_1_293' title='bbox 1037 3888 1102 3947; x_wconf 93' lang='lat' dir='ltr'>et</span> <span class='ocrx_word' id='word_1_294' title='bbox 1147 3884 1356 3970; x_wconf 90' lang='lat' dir='ltr'>magis</span> <span class='ocrx_word' id='word_1_295' title='bbox 1411 3883 1575 3949; x_wconf 90' lang='lat' dir='ltr'>mira</span> <span class='ocrx_word' id='word_1_296' title='bbox 1618 3883 1785 3947; x_wconf 84' lang='lat' dir='ltr'>vidit</span> <span class='ocrx_word' id='word_1_297' title='bbox 1828 3888 2054 3949; x_wconf 91' lang='lat' dir='ltr'>nostra</span> <span class='ocrx_word' id='word_1_298' title='bbox 2100 3888 2276 3948; x_wconf 85' lang='lat' dir='ltr'>aetas</span> <span class='ocrx_word' id='word_1_299' title='bbox 2285 3936 2302 3970; x_wconf 90' lang='lat'>,</span> <span class='ocrx_word' id='word_1_300' title='bbox 2364 3906 2510 3948; x_wconf 93' lang='lat' dir='ltr'>cum</span> <span class='ocrx_word' id='word_1_301' title='bbox 2557 3883 2880 3968; x_wconf 92' lang='lat' dir='ltr'>optimum</span> 
     </span>
     <span class='ocr_line' id='line_1_34' title="bbox 367 3989 2879 4076; baseline 0.002 -23"><span class='ocrx_word' id='word_1_302' title='bbox 367 3991 594 4054; x_wconf 88' lang='grc'>(11100111</span> <span class='ocrx_word' id='word_1_303' title='bbox 640 3989 853 4074; x_wconf 90' lang='lat' dir='ltr'>ipsum</span> <span class='ocrx_word' id='word_1_304' title='bbox 906 3990 1262 4055; x_wconf 86' lang='lat' dir='ltr'>habeamus</span> <span class='ocrx_word' id='word_1_305' title='bbox 1308 3990 1739 4056; x_wconf 83' lang='lat' dir='ltr'>Hannonem?</span> <span class='ocrx_word' id='word_1_306' title='bbox 1804 3991 1955 4076; x_wconf 84' lang='lat' dir='ltr'>Qui,</span> <span class='ocrx_word' id='word_1_307' title='bbox 2002 3990 2125 4056; x_wconf 91' lang='lat' dir='ltr'>etsi</span> <span class='ocrx_word' id='word_1_308' title='bbox 2181 3991 2512 4076; x_wconf 88' lang='lat' dir='ltr'>perplexis</span> <span class='ocrx_word' id='word_1_309' title='bbox 2565 3993 2879 4076; x_wconf 89' lang='lat' dir='ltr'>posterio-</span> 
     </span>
     <span class='ocr_line' id='line_1_35' title="bbox 366 4095 2881 4184; baseline 0.001 -23"><span class='ocrx_word' id='word_1_310' title='bbox 366 4119 512 4161; x_wconf 93' lang='lat' dir='ltr'>rum</span> <span class='ocrx_word' id='word_1_311' title='bbox 568 4095 970 4161; x_wconf 91' lang='lat' dir='ltr'>saeculorum</span> <span class='ocrx_word' id='word_1_312' title='bbox 1027 4097 1416 4164; x_wconf 90' lang='lat' dir='ltr'>testimoniis</span> <span class='ocrx_word' id='word_1_313' title='bbox 1471 4098 1565 4163; x_wconf 94' lang='lat' dir='ltr'>nil</span> <span class='ocrx_word' id='word_1_314' title='bbox 1625 4097 2026 4183; x_wconf 86' lang='lat' dir='ltr'>adiuvamur,</span> <span class='ocrx_word' id='word_1_315' title='bbox 2083 4099 2259 4163; x_wconf 87' lang='lat' dir='ltr'>solus</span> <span class='ocrx_word' id='word_1_316' title='bbox 2305 4099 2486 4184; x_wconf 85' lang='lat' dir='ltr'>facit,</span> <span class='ocrx_word' id='word_1_317' title='bbox 2533 4103 2608 4163; x_wconf 92' lang='lat' dir='ltr'>ut</span> <span class='ocrx_word' id='word_1_318' title='bbox 2660 4123 2741 4165; x_wconf 93' lang='lat' dir='ltr'>ne</span> <span class='ocrx_word' id='word_1_319' title='bbox 2791 4100 2881 4165; x_wconf 89' lang='lat' dir='ltr'>sic</span> 
     </span>
     <span class='ocr_line' id='line_1_36' title="bbox 368 4202 2879 4293; baseline 0.001 -25"><span class='ocrx_word' id='word_1_320' title='bbox 368 4202 629 4289; x_wconf 91' lang='lat' dir='ltr'>quidem</span> <span class='ocrx_word' id='word_1_321' title='bbox 667 4204 823 4289; x_wconf 92' lang='lat' dir='ltr'>quid</span> <span class='ocrx_word' id='word_1_322' title='bbox 872 4205 1285 4270; x_wconf 89' lang='lat' dir='ltr'>statuendum</span> <span class='ocrx_word' id='word_1_323' title='bbox 1331 4204 1419 4270; x_wconf 88' lang='lat' dir='ltr'>sit</span> <span class='ocrx_word' id='word_1_324' title='bbox 1467 4204 1863 4270; x_wconf 88' lang='lat' dir='ltr'>haereamus.</span> <span class='ocrx_word' id='word_1_325' title='bbox 1948 4203 2264 4269; x_wconf 84' lang='lat' dir='ltr'>Convenit</span> <span class='ocrx_word' id='word_1_326' title='bbox 2298 4228 2468 4291; x_wconf 80' lang='lat' dir='ltr'>vere,</span> <span class='ocrx_word' id='word_1_327' title='bbox 2512 4205 2581 4268; x_wconf 91' lang='lat' dir='ltr'>ni</span> <span class='ocrx_word' id='word_1_328' title='bbox 2621 4206 2879 4293; x_wconf 89' lang='lat' dir='ltr'>egregie</span> 
     </span>
     <span class='ocr_line' id='line_1_37' title="bbox 365 4309 2881 4399; baseline 0.001 -25"><span class='ocrx_word' id='word_1_329' title='bbox 365 4310 585 4397; x_wconf 84' lang='lat' dir='ltr'>fallor,</span> <span class='ocrx_word' id='word_1_330' title='bbox 639 4309 706 4374; x_wconf 94' lang='lat' dir='ltr'>id</span> <span class='ocrx_word' id='word_1_331' title='bbox 761 4333 959 4396; x_wconf 90' lang='lat' dir='ltr'>supra</span> <span class='ocrx_word' id='word_1_332' title='bbox 1013 4311 1184 4375; x_wconf 91' lang='lat' dir='ltr'>inter</span> <span class='ocrx_word' id='word_1_333' title='bbox 1236 4332 1382 4397; x_wconf 90' lang='lat' dir='ltr'>nos,</span> <span class='ocrx_word' id='word_1_334' title='bbox 1438 4310 1508 4376; x_wconf 90' lang='lat' dir='ltr'>in</span> <span class='ocrx_word' id='word_1_335' title='bbox 1555 4309 2189 4399; x_wconf 85' lang='lat' dir='ltr'>Carthaginiensium</span> <span class='ocrx_word' id='word_1_336' title='bbox 2247 4312 2478 4377; x_wconf 91' lang='lat' dir='ltr'>itinere</span> <span class='ocrx_word' id='word_1_337' title='bbox 2535 4334 2729 4398; x_wconf 90' lang='lat' dir='ltr'>porro</span> <span class='ocrx_word' id='word_1_338' title='bbox 2778 4336 2881 4377; x_wconf 93' lang='lat' dir='ltr'>ex-</span> 
     </span>
    </p>
   </div>
   <div class='ocr_carea' id='block_1_5' title="bbox 371 4464 800 4472">
    <p class='ocr_par' dir='ltr' id='par_1_7' title="bbox 371 4464 800 4472">
     <span class='ocr_line' id='line_1_38' title="bbox 371 4464 800 4472; baseline 0 862"><span class='ocrx_word' id='word_1_339' title='bbox 371 4464 800 4472; x_wconf 95' lang='lat' dir='ltr'> </span> 
     </span>
    </p>
   </div>
   <div class='ocr_carea' id='block_1_6' title="bbox 367 4527 2912 4800">
    <p class='ocr_par' dir='ltr' id='par_1_8' title="bbox 367 4527 2912 4800">
     <span class='ocr_line' id='line_1_39' title="bbox 552 4527 2912 4631; baseline 0.003 -21"><span class='ocrx_word' id='word_1_340' title='bbox 552 4560 605 4627; x_wconf 94' lang='lat'>1)</span> <span class='ocrx_word' id='word_1_341' title='bbox 642 4538 713 4612; x_wconf 87' lang='lat' dir='ltr'>cf.</span> <span class='ocrx_word' id='word_1_342' title='bbox 752 4552 957 4613; x_wconf 86' lang='lat' dir='ltr'>Vivien</span> <span class='ocrx_word' id='word_1_343' title='bbox 1003 4558 1074 4612; x_wconf 90' lang='lat' dir='ltr'>de</span> <span class='ocrx_word' id='word_1_344' title='bbox 1122 4558 1200 4615; x_wconf 86' lang='lat' dir='ltr'>St.</span> <span class='ocrx_word' id='word_1_345' title='bbox 1243 4557 1451 4612; x_wconf 86' lang='lat' dir='ltr'>Martin</span> <span class='ocrx_word' id='word_1_346' title='bbox 1499 4576 1554 4628; x_wconf 90' lang='lat' dir='ltr'>p.</span> <span class='ocrx_word' id='word_1_347' title='bbox 1585 4565 1705 4617; x_wconf 86' lang='lat'>389.</span> <span class='ocrx_word' id='word_1_348' title='bbox 1782 4560 2022 4617; x_wconf 85' lang='lat' dir='ltr'>Mueller</span> <span class='ocrx_word' id='word_1_349' title='bbox 2067 4579 2122 4631; x_wconf 77' lang='lat' dir='ltr'>p·</span> <span class='ocrx_word' id='word_1_350' title='bbox 2153 4569 2204 4618; x_wconf 88' lang='grc'>9.</span> <span class='ocrx_word' id='word_1_351' title='bbox 2278 4561 2545 4631; x_wconf 85' lang='lat' dir='ltr'>Forbiger</span> <span class='ocrx_word' id='word_1_352' title='bbox 2583 4561 2635 4614; x_wconf 94' lang='lat' dir='ltr'>II</span> <span class='ocrx_word' id='word_1_353' title='bbox 2671 4579 2725 4631; x_wconf 88' lang='lat' dir='ltr'>p.</span> <span class='ocrx_word' id='word_1_354' title='bbox 2757 4527 2912 4617; x_wconf 29' lang='lat'>881..</span> 
     </span>
     <span class='ocr_line' id='line_1_40' title="bbox 367 4646 882 4717; baseline 0.004 -16"><span class='ocrx_word' id='word_1_355' title='bbox 367 4646 635 4716; x_wconf 85' lang='lat' dir='ltr'>Bunbury</span> <span class='ocrx_word' id='word_1_356' title='bbox 673 4664 729 4717; x_wconf 90' lang='lat' dir='ltr'>p.</span> <span class='ocrx_word' id='word_1_357' title='bbox 760 4651 882 4703; x_wconf 79' lang='lat'>326.</span> 
     </span>
     <span class='ocr_line' id='line_1_41' title="bbox 475 4747 2453 4800; baseline 0.004 -13"><span class='ocrx_word' id='word_1_358' title='bbox 475 4747 746 4800; x_wconf 73' lang='lat' dir='ltr'>Fischer,</span> <span class='ocrx_word' id='word_1_359' title='bbox 782 4747 849 4786; x_wconf 86' lang='lat' dir='ltr'>De</span> <span class='ocrx_word' id='word_1_360' title='bbox 878 4747 1123 4788; x_wconf 73' lang='lat' dir='ltr'>Hannonis</span> <span class='ocrx_word' id='word_1_361' title='bbox 1152 4747 1309 4789; x_wconf 78' lang='lat' dir='ltr'>Carth.</span> <span class='ocrx_word' id='word_1_362' title='bbox 1341 4749 1531 4797; x_wconf 85' lang='lat' dir='ltr'>periplo.</span> <span class='ocrx_word' id='word_1_363' title='bbox 2421 4748 2453 4795; x_wconf 86' lang='lat'>4</span> 
     </span>
    </p>
   </div>
  </div>
 </body>
</html>
