3467 5334
1547 1188 2116 1287 CaputI.'

606 1317 675 1355 ,Ψ

601 1422 695 1461 ee..
715 1386 1170 1463 Quaestionem
1216 1385 1757 1472 topographicam
1803 1385 1859 1450 si
1907 1385 2052 1469 quis
2099 1384 2306 1449 denuo
2362 1389 2639 1450 tractare
2686 1385 2852 1470 vult,
2908 1409 3052 1470 pro·

537 1494 950 1559 ficiscendum
1015 1492 1074 1557 ei
1131 1497 1230 1557 est
1294 1514 1369 1558 ea
1424 1516 1504 1557 ex
1559 1516 1657 1578 re,
1719 1491 2041 1556 undenam
2094 1491 2330 1557 Hanno
2395 1492 2536 1577 ipse
2601 1492 3054 1558 distantiarum

538 1624 843 1667 numeros
888 1600 1377 1685 computaverit.
1469 1599 1592 1676 Qui
1648 1599 1741 1663 ita
1785 1598 2078 1682 loquitur
2123 1598 2193 1687 (ἓ
2231 1597 2335 1687 2):
2399 1600 2488 1678 ὡς
2535 1594 2595 1664 δ’
2649 1598 3053 1685 ἀναχθέντες

538 1711 655 1786 τὰς
700 1711 964 1792 Στήλας
1007 1709 1512 1793 παρημείψαμεν
1556 1704 1666 1772 καὶ
1714 1705 1837 1785 ἔξω
1892 1711 2109 1772 πλοῦν
2164 1707 2361 1771 δυοῖν
2417 1706 2681 1793 ἡμερῶν
2738 1707 3053 1773 ἐπλεύσα-

537 1840 659 1901 μεν
707 1839 757 1879 e.
807 1838 865 1899 q.
906 1839 951 1879 s,
1044 1814 1206 1878 Erat
1268 1814 1438 1879 inter
1499 1817 1750 1878 veteres
1808 1813 2220 1899 geographos
2275 1835 2548 1899 magnus
2609 1814 2685 1879 de
2741 1814 2834 1879 eis
2891 1837 3053 1899 quae

538 1922 839 1988 Herculis
856 1930 1169 1986 vocantur
1188 1921 1504 1986 columnis
1524 1921 1849 1986 dissensus
1869 1919 1977 2008 (cf.
1999 1919 2208 1985 Strab.
2227 1919 2323 1985 HI
2342 1921 2401 2005 5,
2422 1922 2463 1985 5
2487 1945 2548 2005 p.
2574 1923 2605 1985 1
2617 1924 2699 1987 70
2712 1920 2779 1987 O.
2801 1920 3053 2006 Scymn.

542 2030 654 2096 Ch.
710 2053 766 2093 v.
811 2031 935 2095 143
970 2050 1063 2112 sq.
1157 2027 1385 2092 Avien.
1451 2051 1540 2093 or.
1597 2050 1678 2091 m.
1735 2051 1793 2091 v.
1841 2029 1966 2093 341
1991 2049 2129 2111 sqq.
2238 2025 2422 2091 Eust.
2487 2028 2568 2091 ad
2621 2027 2699 2091 D.
2745 2027 2815 2092 P.
2871 2051 2928 2092 v.
2968 2030 3054 2094 64

539 2137 844 2203 Philostr.
882 2135 994 2200 vit.
1041 2132 1260 2220 Apoll.
1295 2135 1365 2208 Vs
1401 2138 1454 2200 1.
1529 2134 1809 2219 Hesych.
1858 2157 1905 2199 S.
1952 2131 2040 2220 v.)
2059 2132 2129 2221 l).
2223 2132 2512 2198 Fuerunt
2558 2134 2757 2220 enim,
2820 2134 2932 2220 qui
2986 2134 3055 2198 in

541 2243 839 2310 orientali
884 2243 1035 2309 freti
1073 2244 1202 2307 fine
1249 2241 1581 2308 columnas
1625 2264 1763 2307 esse
1801 2244 2109 2327 putarent
2147 2240 2390 2326 Calpen
2425 2241 2834 2326 Europaeam
2879 2265 3054 2306 mon-

541 2356 803 2436 temque
851 2350 909 2414 ei
955 2349 1024 2414 in
1067 2349 1327 2415 Africae
1372 2350 1565 2414 litore
1623 2349 2003 2434 oppositum
2045 2348 2337 2434 Abilam3
2391 2348 2679 2434 fuerunt,
2741 2349 2851 2434 qui
2910 2371 3055 2413 cum

544 2458 774 2524 insulis
818 2457 1122 2541 utrinque
1147 2496 1154 2509 ι
1182 2456 1309 2521 sibi
1367 2456 1596 2522 vicinis
1652 2479 1760 2522 eas
1820 2460 2308 2542 componerent3
2367 2456 2658 2543 fuerunt,
2714 2455 2826 2541 qui
2881 2456 3056 2520 aliud

546 2566 702 2652 quid
746 2564 1271 2630 halucinarentur
1282 2561 1353 2653 ²).
1424 2564 1518 2629 At
1564 2564 1843 2630 Graecos
1890 2564 2251 2651 mittamus3
2305 2568 2529 2629 nostra
2574 2564 2844 2629 interest
2891 2586 3055 2629 com-

728 2763 778 2830 1)
818 2760 886 2817 cf.
934 2756 1274 2826 Humboldt,
1322 2759 1449 2817 krit.
1499 2759 1987 2828 Unterswchunyen
2024 2760 2049 2811 I
2097 2778 2148 2827 p.
2188 2764 2288 2813 451
2322 2776 2446 2827 sqq.
2520 2758 2720 2826 Ukert,
2771 2758 2965 2830 Geoyr.
3005 2758 3056 2811 lI

549 2858 574 2904 1
616 2870 669 2920 p.
699 2856 819 2905 249.
903 2847 1200 2917 Forbiger,
1247 2849 1399 2904 Hdb.
1438 2849 1491 2903 d.
1531 2865 1584 2903 a.
1624 2848 1693 2905 G.
1730 2847 1786 2901 Π
1833 2865 1886 2916 p.
1918 2853 2019 2902 867
2059 2847 2185 2901 adn.
2218 2853 2305 2902 68.
2378 2849 2614 2918 Berger,
2663 2851 2817 2903 Erat.
2857 2849 3055 2918 fraqm.

544 2960 596 3011 p.
630 2946 750 2995 312.

725 3030 782 3098 2)
839 3031 903 3082 In
957 3030 1122 3082 tanta
1187 3002 1594 3082 sententiarum
1657 3025 2026 3080 multitudine
2090 3043 2203 3080 non
2268 3025 2640 3081 substiterunt
2693 3027 3057 3082 recentiores:

546 3118 756 3189 quippe
795 3117 1024 3172 Entzius
1060 3117 1098 3171 l.
1128 3117 1165 3171 l.
1196 3135 1250 3186 p.
1282 3122 1313 3169 5
1354 3115 1520 3170 Cotes
1567 3115 2020 3194 promunturium
2067 3117 2125 3170 et
2170 3114 2355 3171 Gades
2408 3116 2605 3171 urbem
2643 3133 2744 3186 pro
2783 3116 3058 3170 columnis

549 3207 753 3262 habuit
810 3202 1123 3261 commotus
1179 3207 1243 3258 ut
1293 3222 1449 3260 suam
1504 3205 1786 3275 proferret
1841 3203 2179 3259 sententiam
2236 3203 2318 3258 eis
2366 3205 2616 3275 Scylacis
2672 3206 2857 3260 verbis
2915 3223 3059 3273 quae

554 3297 820 3366 leguntur
854 3301 916 3361 ἕξ
949 3301 974 3347 1
1008 3298 1066 3350 et
1097 3300 1223 3348 111:
1263 3289 1432 3348 αὗται
1470 3294 1612 3365 (scil.
1642 3293 1704 3348 αἱ
1732 3291 2055 3363 εΗροὶκλειοι
2093 3295 2306 3363 στῆλαι)
2347 3295 2628 3364 διέχουσιν
2665 3291 2769 3347 ἀπ’
2811 3293 3061 3363 ἀλλήλων

552 3390 731 3440 πλοῦν
767 3382 993 3455 ἡμέρας.
1061 3384 1491 3440 Concedendum
1520 3400 1656 3438 sane
1685 3385 1788 3451 est,
1825 3384 1973 3437 inter
2000 3382 2333 3436 hodiernum
2360 3370 2811 3451 promunturium
2842 3384 3061 3452 Spartel

551 3478 609 3529 et
674 3475 847 3530 Gadiz
910 3473 1106 3528 urbem
1171 3479 1275 3528 500
1339 3473 1456 3527 fere
1524 3473 1714 3528 stadia
1777 3472 2160 3536 intercedere3
2226 3472 2479 3526 attamen
2541 3488 2612 3525 ne
2677 3489 2803 3526 cum
2864 3472 3060 3526 Entzio

549 3563 850 3629 faciamus,
904 3563 1117 3631 obstat,
1166 3562 1317 3630 quod
1361 3560 1575 3616 ibidem
1623 3562 1889 3632 legimus:
1947 3562 2062 3615 Καὶ
2098 3569 2261 3630 νῆσοι
2300 3559 2556 3615 ἐνταῦθα
2594 3560 2774 3616 ἔπεισι
2811 3562 2932 3630 δύο,
2971 3557 3062 3624 αἷς

553 3654 731 3723 ὄνομα
778 3649 1045 3720 Γάδειρα.
1126 3651 1354 3706 Τούτων
1399 3650 1435 3720 ἡ
1484 3645 1646 3719 ἑτέρα
1691 3647 1857 3704 πόλιν
1914 3648 2027 3720 ἔχει
2082 3645 2407 3720 ἀπέχουσαν
2452 3647 2663 3721 ἡμέρας
2716 3654 2895 3706 πλοῦν
2946 3651 3061 3705 ἀπὸ

545 3741 889 3811 Ἡρακλείων
945 3744 1172 3810 στηλῶν.
1255 3739 1468 3794 Eodem
1524 3738 1699 3793 etiam
1754 3738 2084 3792 deducimur
2138 3754 2206 3793 ea
2258 3756 2344 3808 re,
2400 3737 2534 3807 quia
2583 3745 2615 3805 ξ
2664 3743 2762 3792 111
2823 3740 3063 3793 alteram

553 3848 744 3885 earum
781 3830 903 3900 ipse
943 3829 1144 3898 Scylax
1179 3827 1405 3883 Abinna
1442 3830 1633 3883 vocat:
1682 3825 2009 3896 Ἡράκλειος
2054 3828 2222 3897 στήλη
2264 3827 2347 3899 [ἡ]
2391 3827 2452 3882 ἑν
2487 3826 2687 3900 Λιβύῃ,
2739 3826 2887 3896 ἄκρα
2914 3825 3062 3882 ’Ἀπι-

552 3919 740 3989 νιλύη,
794 3914 956 3982 πόλις
1008 3917 1069 3973 ἐν
1109 3922 1340 3992 ποταμῷ
1392 3918 1488 3972 καὶ
1543 3914 1739 3972 ἀντίον
1786 3917 1959 3987 αὐτῆς
2011 3916 2082 3971 τὰ
2130 3915 2382 3986 Γάδειρα
2428 3925 2606 3986 νῆσοι.
2684 3916 2839 3983 Quae
2888 3916 3064 3972 verba

492 4048 497 4052 -
553 4008 759 4065 vitium
784 4007 1024 4062 traxisse
1054 4009 1267 4062 certum
1296 4008 1397 4076 est,
1425 4023 1529 4061 nec
1556 4006 1742 4059 minus
1772 4007 1987 4060 certum
2027 4007 2328 4075 genuinam
2361 4005 2665 4061 lectionem
2693 4024 2728 4061 a
2756 4004 3063 4061 Gronovio-

552 4097 825 4153 Muellero
866 4100 941 4167 (p.
972 4101 1061 4164 90)
1099 4113 1213 4150 non
1248 4095 1364 4151 iam
1400 4098 1553 4151 recte
1590 4093 1915 4150 restitutam
1962 4110 2097 4149 esse.
2172 4092 2337 4148 Haud
2385 4092 2503 4149 scio
2553 4111 2625 4148 an
2676 4111 2745 4148 ea
2790 4093 2876 4148 ita
2920 4094 3061 4149 vitio

553 4186 806 4254 liberem,
844 4186 910 4239 ut
945 4184 1116 4239 scribi
1151 4184 1403 4240 iubeam:
1437 4183 1765 4253 “Ηράκλειος
1793 4182 1959 4253 στήλη
2001 4182 2086 4255 [ἡ]
2130 4182 2189 4237 ἐν
2216 4182 2417 4256 Λιβύῃ,
2456 4183 2603 4253 ἄκρα
2629 4181 2873 4257 Ἅβιννα,
2909 4183 3062 4254 Λύγξ

554 4274 713 4339 πόλις
752 4274 813 4329 ἐν
848 4278 1080 4347 ποταμῷ
1119 4290 1163 4329 e.
1204 4294 1256 4344 q.
1298 4293 1340 4330 s.
1379 4290 1722 4343 quamquam
1769 4271 1819 4326 si
1856 4271 2036 4327 mavis
2073 4270 2319 4326 scribere
2350 4269 2578 4346 Ἀβίλυξ,
2620 4271 2858 4346 <Λύγξ>
2903 4269 3065 4336 πόλις

554 4382 667 4419 non
714 4362 1081 4434 pertinaciter
1123 4379 1456 4433 repugnem:
1519 4361 1678 4417 illam
1723 4361 1964 4415 formam
2012 4361 2083 4414 ob
2129 4360 2283 4430 ipsas
2336 4361 2544 4417 codicis
2581 4361 2816 4417 litteras.
2838 4364 3063 4430 praetu-

556 4453 718 4508 lerim
770 4452 861 4523 (cf.
899 4451 1053 4507 Eust.
1096 4453 1167 4507 ad
1209 4452 1371 4507 Dion.
1419 4452 1538 4509 Per.
1578 4470 1628 4506 v.
1661 4458 1755 4505 64:
1811 4450 1846 4520 ἡ
1899 4448 1962 4504 δὲ
2007 4450 2223 4523 Λιβυκὴ
2274 4449 2421 4505 κατὰ
2476 4449 2795 4525 βαρβάρους
2849 4447 3065 4523 Ἀβιννα

558 4542 899 4613 καλουμένη,
941 4541 1276 4612 Ἑλληνικῶς
1321 4539 1383 4595 δὲ
1421 4544 1781 4612 Κυνηγητική
1821 4556 1866 4594 e.
1909 4557 1961 4608 q.
2002 4557 2042 4593 s.
2118 4538 2382 4595 Philostr.
2413 4541 2461 4594 V
2505 4547 2560 4608 13
2611 4540 2679 4593 cf.
2720 4540 3065 4609 Bernhardy,

556 4634 730 4691 Dion.
781 4651 833 4702 p.
877 4637 979 4687 603
1026 4630 1217 4686 adnot.
1257 4630 1493 4685 Mueller
1538 4630 1591 4683 11
1645 4650 1699 4700 p.
1740 4635 1861 4685 228.
1944 4628 2178 4699 Berger,
2235 4631 2391 4685 Erat.
2440 4631 2514 4697 fr.
2560 4646 2615 4697 p.
2664 4634 2767 4683 313
2814 4628 2942 4684 adn.
2995 4633 3063 4698 1).
