3467 5334
1358 329 1404 341 U-

1330 382 1414 437 De
1451 382 1748 438 Hannonis
1783 381 2002 438 itinere.
2694 412 2700 417 ·
2837 385 2921 448 15

424 550 483 631 3,
520 547 560 612 8
609 569 670 630 p.
711 547 840 611 829
865 543 945 632 C)
983 547 1161 611 διότε
1198 545 1409 624 Λίξον
1444 545 1595 610 τινά
1632 562 1800 631 φησι
1833 550 2034 612 πόλιν
2069 543 2221 630 περὶ
2257 548 2337 612 τὰ
2372 548 2543 633 ἄκρα
2578 555 2694 630 τῆς
2729 552 2929 613 Μαυ-

421 658 696 740 ρουσίας
739 654 820 718 τὰ
867 649 1137 737 ἑσπέρια
1192 649 1342 717 ἀντὶ
1386 654 1686 736 Λυγγός,
1736 653 2124 729 Φοινικικὰς
2170 649 2245 719 δὲ
2288 654 2514 732 πόλεις
2564 672 2928 738 κατεσπαρ-

418 760 621 846 μένας
634 757 686 846 1)
751 762 1140 844 παμπόλλας
1201 759 1415 842 τινάς,
1490 754 1587 825 ὧν
1660 755 1866 824 οὐδὲν
1940 760 2112 825 ἰδεῖν
2175 759 2356 826 ἐστιν
2420 767 2621 846 ἴχνος.
2724 761 2927 838 Quem

417 866 608 932 modo
681 864 936 931 laudavi
1000 886 1340 931 numerum
1401 863 1712 931 ficticium
1777 886 1916 931 0330
1934 916 1952 951 ,
2024 870 2197 932 recte
2264 867 2600 953 perspexit
2661 867 2931 932 Meltzer

419 973 490 1063 (l.
526 974 567 1039 l.
616 999 679 1059 p.
716 976 849 1039 426
888 972 1030 1037 adn.
1073 970 1204 1059 15),
1249 994 1639 1058 quamquam
1677 995 1842 1058 quae
1879 972 2143 1057 ibidem,
2188 977 2262 1038 ut
2307 974 2419 1039 ille
2458 973 2927 1059 quodammodo

421 1080 873 1166 explicaretur,
918 1079 1172 1165 prolata
1217 1084 1395 1164 sunt,
1452 1080 2014 1145 verisimilitudine
2061 1080 2237 1145 omni
2285 1086 2519 1147 carent.
2610 1081 2930 1166 Equidem

418 1211 500 1254 ne
535 1187 798 1275 longius
835 1209 1027 1272 quam
1063 1209 1184 1272 pro
1221 1187 1427 1252 huius.
1453 1187 1827 1271 scriptionis
1865 1186 2135 1252 consilio
2175 1187 2513 1276 digrediar,
2560 1188 2628 1252 id
2664 1187 2929 1252 minime

420 1317 590 1382 nego
600 1347 619 1380 ,
673 1294 871 1359 fuisse
926 1293 1223 1379 pristinis
1277 1295 1684 1379 temporibus
1729 1293 2073 1379 Tyriorum
2130 1293 2199 1359 in
2242 1279 2700 1360 Mauretaniae.
2736 1295 2927 1359 litore

423 1399 788 1488 colonias2).
876 1400 969 1466 At
1024 1423 1170 1466 cum
1213 1400 1552 1467 Hannonis
1608 1401 1938 1486 expeditio
1993 1400 2454 1487 susciperetur,
2514 1424 2553 1465 a
2596 1401 2928 1466 Pharusiis

423 1514 489 1574 et
524 1508 804 1595 Nigritis
841 1511 1011 1573 certe
1048 1507 1178 1572 iam
1216 1507 1464 1573 dirutae
1504 1512 1685 1574 erant
1723 1507 1831 1596 (cf.
1870 1507 2081 1573 Strab.
2120 1531 2182 1592 p.
2223 1511 2352 1574 826
2374 1507 2498 1596 C.):
2536 1508 2776 1573 etenim
2814 1508 2927 1593 qui

420 1621 568 1681 ante
632 1615 1016 1680 Hannonem
1080 1614 1322 1699 Libyae
1387 1637 1567 1680 oram
1641 1614 2231 1701 praeternavigavit
2303 1614 2606 1701 Sataspes
2676 1615 2928 1680 nullum

421 1744 636 1787 eorum
706 1721 1056 1809 vestigium
1120 1720 1308 1786 vidit:
1372 1722 1662 1806 alioquin
1727 1744 1891 1807 quae
1957 1744 2035 1786 ex
2090 1721 2321 1786 itinere
2380 1745 2673 1787 reversus
2724 1722 2925 1787 Xerxi

417 1830 731 1914 narravit,
801 1852 1062 1895 narrare
1134 1851 1266 1893 non
1336 1830 1555 1914 potuit
1619 1827 1728 1917 (cf.
1776 1829 2012 1895 Herod.
2048 1827 2143 1894 IV
2178 1825 2314 1915 43).
2420 1828 2728 1914 Superest
2801 1852 2930 1894 una

419 1942 675 2002 tantum
722 1959 911 2003 causa
957 1936 1395 2021 ponderanda:
1451 1936 1694 2023 legitur
1742 1959 1816 2001 eo
1874 1958 2065 2021 quem
2111 1940 2462 2001 tractamus
2504 1936 2675 2002 loco:
2721 1961 2926 2025 κατῳ-

419 2048 695 2131 κίσαμεν
741 2047 965 2122 πόλεις
1016 2042 1431 2129 καλουμένας
1474 2047 1776 2129 Καρικόν
1831 2067 1900 2109 τε
1946 2055 2162 2128 τεῖχος
2214 2042 2323 2110 καὶ
2371 2046 2630 2128 Γύττην
2675 2049 2811 2109 κτλ.
2858 2048 2925 2108 et

421 2150 613 2236 paulo
659 2150 828 2219 infra
875 2151 944 2238 (ἓ
986 2148 1098 2238 16)
1145 2151 1301 2235 ὅρος
1338 2150 1648 2236 ἐφαίνετο
1687 2150 2000 2235 μέγιστον
2036 2158 2219 2216 θεῶν
2258 2152 2469 2236 ὄχημα
2511 2152 2927 2235 καλούμενον

423 2263 488 2322 et
533 2258 602 2322 in
648 2263 935 2323 extremo
981 2257 1231 2343 periplo
1279 2255 1347 2346 (ξ
1389 2255 1500 2344 17)
1555 2258 1939 2343 ἀφικόμεθα
1994 2258 2089 2335 εἰς
2141 2259 2393 2323 κόλπον
2447 2262 2676 2325 Νότου
2731 2256 2929 2342 κέρας

419 2366 850 2450 καλούμενον.
942 2364 1086 2430 Ηο0
1140 2364 1336 2450 vulgo
1393 2364 1576 2429 aiunt
1620 2386 1755 2429 non
1810 2386 1974 2429 esse:
2035 2366 2417 2451 cernebatur
2470 2388 2680 2449 monS‚
2736 2386 2928 2449 quem

418 2471 901 2556 appellabamus
937 2472 1164 2537 Theon
1200 2470 1499 2555 Ochema,
1547 2470 1659 2535 sed
1704 2470 1817 2555 qui
1864 2470 2328 2556 appellabatur,
2375 2471 2478 2536 cui
2523 2473 2647 2536 1100
2691 2493 2929 2536 nomen

421 2579 550 2643 iam
597 2583 733 2644 erat
779 2580 1050 2663 ideoque
1099 2577 1261 2642 illud
1306 2582 1760 2666 κατῳκίσαμεν
1805 2580 2030 2655 πόλεις
2075 2578 2488 2664 καλουμένας
2523 2581 2821 2665 Καρικόν
2857 2602 2928 2644 τε

422 2698 635 2770 τεῖχος
669 2690 803 2751 κτλ.
840 2685 934 2749 1111
973 2684 1147 2748 aliud
1186 2683 1566 2770 significare,
1600 2684 1728 2749 nisi
1766 2683 2150 2749 incoluimus
2187 2685 2381 2750 urbes
2419 2685 2655 2773 quibus
2690 2707 2928 2750 nomen

420 2791 551 2856 iam
615 2795 755 2857 erat
820 2789 1116 2855 Caricum
1180 2790 1451 2855 Teichos
1499 2813 1549 2855 0.
1597 2814 1655 2875 q.
1703 2814 1751 2856 s.
1850 2790 2096 2856 Iterum
2159 2815 2310 2857 vero
2374 2793 2713 2878 falluntur3
2777 2815 2927 2857 nam

420 2921 567 2963 cum
625 2898 1000 2983 saepissime
1063 2897 1407 2982 participia
1458 2897 1598 2984 illa,
1657 2898 1860 2963 veluti
1921 2900 2361 2983 καλούμενος,
2426 2902 2780 2983 λεγόμενος
2834 2900 2928 2964 013

420 3010 831 3091 apponuntur
893 3004 1079 3092 10013,
1152 3003 1387 3088 quibus
1456 3010 1631 3070 certa
1694 3005 2007 3090 quaedam
2069 3027 2197 3070 vox
2267 3026 2399 3070 non
2461 3005 2741 3092 vulgari,
2815 3007 2928 3071 sed

420 3112 759 3197 tralaticio,
822 3117 896 3176 ut
949 3112 1041 3176 ita
1096 3111 1320 3198 dicam,
1393 3117 1740 3198 usurpatur
1803 3134 2020 3197 3011311,
2084 3112 2151 3175 id
2205 3112 2377 3197 quod
2433 3117 2512 3195 ἓξ
2572 3116 2653 3178 16
2720 3117 2784 3177 et
2844 3115 2922 3178 17

419 3219 560 3283 fieri
612 3240 803 3283 nemo
851 3221 948 3283 est
994 3217 1151 3302 quin
1196 3216 1538 3306 intelligat,
1584 3223 1725 3283 tum
1772 3241 1807 3282 e
1854 3218 2178 3282 communi
2225 3219 2613 3285 Graecorum
2663 3244 2803 3306 11311,
2850 3221 2927 3284 de

419 3349 545 3411 quo
593 3325 913 3411 copiosius
960 3324 1168 3389 dicere
1225 3325 1488 3390 minime
1544 3324 1977 3391 necessarium
2038 3325 2316 3412 videtur,
2372 3327 2781 3410 καλούμενος
2832 3327 2929 3392 1111

423 3437 520 3496 est
590 3433 716 3497 nisi
792 3431 934 3517 ‘qui
1008 3431 1268 3517 dicitur,
1351 3433 1461 3517 qui
1534 3430 1832 3497 vocatur'
1850 3428 1930 3518 3).
2049 3432 2235 3497 Unde
2318 3434 2530 3499 sobrie
2613 3434 2922 3499 iudicanti

420 3543 712 3624 apparet,
781 3539 976 3604 missa
1039 3537 1394 3603 inveterata
1467 3539 1580 3603 illa
1644 3539 1972 3624 opinione,
2047 3562 2125 3603 ex
2189 3563 2316 3624 qua
2378 3541 2612 3606 Hanno
2677 3547 2925 3608 veteres

421 3644 613 3709 urbes
675 3645 860 3709 novis
923 3648 1177 3708 tantum
1241 3645 1469 3711 ineolis
1532 3648 1973 3732 frequentasse
2030 3647 2289 3733 dicitur,
2353 3648 2420 3712 id
2477 3650 2926 3715 affirmandum

421 3773 577 3837 0330,
625 3751 1189 3838 Carthaginienses
1235 3752 1426 3817 sicuti
1463 3752 1951 3837 Thymiaterion
1988 3753 2483 3820 aedificaverunt
2521 3779 2714 3841 supra
2760 3781 2924 3823 com-

419 3862 845 3924 memoratum
891 3864 957 3924 et
1006 3857 1270 3944 Cernen,
1317 3882 1478 3944 quae
1525 3864 1847 3946 sequetur,
1892 3861 1986 3924 ita
2021 3860 2400 3926 intermedia
2446 3885 2699 3948 quoque
2746 3866 2925 3950 quin-

420 3988 545 4051 que
591 3966 826 4052 oppida
870 3966 1047 4052 ipsos
1091 3966 1477 4053 condidisse,
1524 3968 1600 4031 de
1647 3989 1924 4053 quorum
1970 3968 2100 4034 situ
2146 3967 2276 4034 iam
2319 3969 2736 4056 inquiremus

419 4103 573 4110 m

602 4181 655 4247 1)
692 4179 852 4235 Hanc
899 4180 1156 4236 voculam
1210 4181 1526 4237 refinxerim
1581 4198 1693 4235 una
1748 4180 1943 4236 littera
1996 4183 2217 4238 mutata
2270 4199 2338 4238 ex
2393 4200 2463 4239 ea
2509 4202 2679 4253 quam
2725 4185 2847 4242 cod.
2877 4184 2922 4239 F

419 4266 656 4337 praebet
691 4271 955 4339 corrupta
988 4271 1233 4326 lectione
1269 4268 1751 4340 κατεσπασμέναςε
1790 4270 1917 4325 edd.
1955 4272 2128 4341 vulgo
2165 4270 2697 4343 κατεσκευασμένας.

598 4359 655 4426 2)
695 4357 762 4412 cf.
800 4356 1020 4414 Movers
1057 4359 1110 4413 II
1146 4366 1178 4415 2
1215 4379 1254 4430 p
1285 4366 1404 4417 521.
1443 4366 1562 4417 524.

598 4450 653 4518 3)
693 4446 906 4513 Quodsi
942 4449 1234 4504 Wescheri
1271 4450 1636 4520 apographon
1674 4450 1985 4505 Par-isinum
2018 4450 2108 4522 (cf.
2147 4451 2309 4507 Dion.
2350 4453 2479 4523 Byz.
2519 4453 2604 4506 ed.
2649 4451 2922 4509 Wescher

419 4554 474 4606 p.
506 4538 595 4605 ¹¹18)
632 4553 731 4607 pro
777 4534 1130 4607 καλουμένας
1182 4539 1418 4608 praebet
1468 4537 1758 4608 κειμένας,
1803 4555 1957 4594 mero
2005 4539 2228 4595 librarii
2276 4541 2450 4596 errori
2498 4541 2736 4595 debetur
2780 4543 2922 4599 haec

423 4625 610 4695 lecti0,
650 4612 760 4694 qui‘
785 4626 1106 4682 Palatinum
1140 4626 1384 4696 pessime
1423 4626 1720 4696 descripsit
1758 4627 1849 4696 (ef.
1890 4628 2127 4684 Mueller
2158 4631 2296 4699 phil.
2333 4631 2473 4689 ΑΜ.
2515 4636 2651 4686 1877
2690 4650 2747 4702 p.
2779 4636 2923 4703 129).
