3467 5334
638 400 760 469 Qua
794 400 1015 456 ratione
1051 399 1340 456 Hannonis
1378 400 1607 457 libellus
1646 418 1679 456 a
1717 399 2086 472 scriptoribus
2124 403 2424 472 usurpatus
2464 400 2556 456 sit.
2736 395 2860 463 127

289 615 296 621 .
358 565 587 631 leviter
632 566 870 631 mutari
916 588 996 631 ex
1041 565 1186 650 ipso
1234 566 1372 631 eius
1416 566 1676 631 nomine
1715 565 2046 631 conclusit.
2128 565 2297 631 Dein
2333 588 2484 631 vero
2525 588 2603 631 ex
2642 564 2866 629 eodem

359 673 634 738 Arriano
681 676 882 758 patet,
925 672 1424 738 Eratosthenem
1474 673 2035 760 Carthaginienses
2079 694 2211 738 non
2258 674 2338 737 ad
2383 672 2866 739 meridionalem

359 780 606 864 Libyae
660 780 1008 844 terminum
1063 803 1266 864 usque
1320 785 1662 865 provectos
1717 780 1969 845 fecisse:
2035 780 2253 866 sicuti,
2308 781 2686 867 priusquam
2739 780 2866 843 huc

360 887 797 971 pervenerint,
853 887 1025 972 apud
1070 885 1418 952 Arrianum
1463 893 1735 973 propter
1780 887 2014 952 nimios
2060 887 2216 951 solis
2262 888 2520 953 ardores
2566 891 2632 952 et
2678 907 2866 970 aqua-

361 1016 505 1058 rum
565 995 852 1079 inopiam
906 999 1340 1080 revertuntur,
1403 997 1496 1060 ita
1549 996 2015 1061 Eratosthenes
2069 995 2210 1079 ipse
2265 994 2567 1059 ultimum
2621 992 2868 1076 Libyae

363 1100 673 1187 angulum
718 1102 1114 1167 inaccessum
1161 1125 1299 1167 esse
1348 1103 1568 1168 eadem
1615 1104 1692 1168 de
1742 1126 1933 1168 causa
1977 1101 2250 1185 putavit.

541 1206 852 1274 Attamen
932 1232 1067 1274 non
1139 1232 1360 1275 omnes
1444 1210 1553 1296 qui
1638 1210 1942 1295 deinceps
2007 1209 2444 1294 sequebantur
2505 1204 2867 1294 geographi

364 1314 815 1380 Eratosthenis
880 1315 1173 1400 opinioni
1238 1339 1304 1380 se
1369 1310 1778 1402 addixerunt3
1842 1316 2041 1381 immo
2108 1316 2537 1381 diversissima
2591 1315 2674 1378 ab
2732 1313 2870 1377 eius

365 1421 684 1486 sententia
721 1424 924 1488 altera
961 1428 1077 1508 est,
1116 1444 1277 1508 quae
1315 1422 1598 1507 primum
1636 1424 1917 1489 occurrit
1954 1423 2127 1507 apud
2165 1421 2552 1487 Strabonem
2585 1420 2649 1486 H
2686 1420 2746 1504 5,
2783 1421 2869 1486 33

365 1553 428 1613 p.
481 1531 608 1596 130
629 1528 695 1615 C,
760 1530 877 1594 ubi
921 1530 1106 1595 haec:
1169 1532 1361 1595 Μετὰ
1407 1528 1481 1596 δὲ
1527 1533 1648 1615 τὴν
1696 1529 1926 1596 Ἀσίαν
1974 1528 2153 1595 ἐστὶν
2199 1529 2240 1612 ἡ
2287 1532 2540 1615 Λιβύη,
2589 1527 2871 1613 συνεχὴς

369 1631 535 1702 οὖσα
588 1646 659 1723 τῇ
705 1660 775 1702 τε
822 1639 1138 1726 Αἰγύπτῳ
1184 1636 1295 1703 καὶ
1340 1647 1417 1723 τῇ
1465 1641 1835 1726 Αἰθιοπίᾳ,
1895 1639 2017 1721 τὴν
2064 1633 2186 1721 μὲν
2241 1634 2396 1701 καθ’
2459 1635 2628 1720 ἡμᾶς
2672 1635 2867 1718 ἠιόνα

363 1740 461 1809 ἐπ’
516 1744 784 1821 εὐθείας
840 1746 1114 1828 ἔχουσα,
1181 1745 1420 1829 σχεδόν
1474 1768 1536 1810 τι
1592 1743 1785 1830 μέχρι
1839 1748 2121 1828 Στηλῶν
2177 1743 2304 1808 ἀπὸ
2370 1740 2867 1825 Ἀλεξανδρείας

363 1849 776 1936 ἀρξαμένην,
850 1851 1024 1933 πλὴν
1095 1861 1230 1915 τῶν
1293 1852 1613 1936 Σύρτεων
1686 1849 1798 1917 καὶ
1864 1857 1930 1916 εἴ
1992 1850 2127 1915 πού
2189 1873 2289 1927 τις
2361 1851 2526 1933 ἄλλη
2602 1852 2868 1914 κόλπων

365 1958 727 2043 ἐπιστροφὴ
776 1961 1006 2043 μετρία
1069 1955 1177 2021 καὶ
1232 1969 1367 2023 τῶν
1425 1959 1674 2043 ταύτην
1728 1959 2109 2024 ποιούντων
2164 1957 2597 2043 ἀκρωτηρίων
2652 1954 2867 2039 ἐξοχή·

361 2068 483 2150 τὴν
558 2061 631 2130 δὲ
703 2075 1191 2150 παρωκεανῖτιν
1264 2065 1390 2130 ἀπὸ
1464 2076 1579 2150 τῆς
1642 2067 2008 2142 Αἰθιοπίας
2081 2063 2271 2150 μέχρι
2334 2067 2555 2144 τινός,
2629 2063 2717 2139 ὡς
2785 2060 2869 2126 ἂν

359 2173 786 2259 παράλληλον
840 2166 1053 2237 οὖσαν
1106 2179 1186 2256 τῇ
1240 2171 1559 2259 προτέρα,
1614 2173 1777 2256 μετὰ
1834 2167 1907 2236 δὲ
1960 2180 2167 2236 ταῦτα
2225 2168 2694 2255 συναγομένην
2740 2168 2868 2233 ἀπὸ

367 2291 500 2344 τῶν
537 2282 781 2344 νοτίων
818 2290 1037 2364 μερῶν
1077 2280 1171 2354 εἰς
1209 2277 1429 2355 ὀξεῖαν
1467 2279 1702 2363 ἄκραν,
1738 2279 1978 2363 μικρὸν
2016 2276 2137 2354 ἔξω
2168 2282 2452 2360 Στηλῶν
2488 2298 2870 2360 προπεπτω-

359 2397 559 2453 κυῖαν
595 2383 704 2451 καὶ
750 2394 1079 2450 ποιοῦσαν
1127 2385 1473 2470 τραπέζιόν
1520 2407 1660 2463 πως
1695 2387 1770 2450 τὸ
1819 2394 2051 2469 σχῆμα.
2135 2383 2319 2460 Quod
2362 2406 2512 2449 vero
2560 2383 2806 2469 Berger
2822 2377 2872 2467 ¹)

363 2492 518 2557 dicit
584 2491 736 2556 ‘Die
797 2492 1005 2557 Kfiste
1066 2491 1353 2576 Libyens
1417 2492 1604 2580 biegt
1668 2493 1739 2556 in
1801 2493 1914 2557 der
1973 2490 2041 2558 N
2042 2490 2162 2556 {ihe
2228 2491 2341 2556 der
2405 2491 2645 2556 Saulen
2706 2489 2874 2554 nach

364 2599 681 2665 Siidosten
726 2599 808 2662 ab
857 2599 989 2664 und
1035 2599 1262 2663 behalt
1309 2601 1479 2666 diese
1516 2601 1852 2687 Richtung
1898 2599 2006 2663 bei
2053 2598 2157 2663 bis
2203 2599 2273 2664 in
2320 2598 2421 2663 die
2461 2597 2724 2685 Gegend
2763 2597 2874 2662 des

365 2705 709 2771 Meridians
760 2729 888 2771 von
941 2707 1305 2794 Karthag03
1368 2731 1495 2772 von
1561 2708 1640 2771 da
1694 2730 1778 2771 an
1830 2707 2019 2771 horte
2075 2705 2198 2769 mit
2252 2705 2398 2770 dem
2452 2705 2708 2792 Beginn
2763 2704 2876 2768 der

364 2797 885 2898 ssthiopenkiiste
954 2814 1084 2878 die·
1136 2799 1640 2902 llberlieferung
1704 2814 1822 2879 auf
1886 2813 2019 2878 und
2090 2812 2557 2878 Eratosthenes
2635 2813 2875 2876 musste

361 2920 500 2986 sich
553 2922 674 2987 wie
731 2922 905 2988 seine
959 2921 1027 2989 N
1028 2922 1360 3010 achfolger
1413 2922 1535 2987 mit
1590 2923 1703 2987 der
1747 2921 2014 2987 Fiktion
2060 2919 2236 2984 einer
2290 2919 2645 3005 parallelen
2688 2917 2873 2982 Linie

362 3028 465 3093 bis
529 3051 607 3093 zu
681 3029 827 3094 dem
898 3033 976 3095 N
974 3033 1131 3095 ότου
1205 3029 1422 3116 Κέρας
1488 3031 1600 3096 der
1654 3030 2085 3095 Zimmtln'iste
2152 3027 2531 3114 begnfigen’
2598 3024 2874 3109 fallitur3

360 3139 634 3221 utraque
673 3136 846 3202 enim
884 3136 1205 3202 sententia
1240 3160 1373 3203 non
1409 3138 1628 3222 potuit
1674 3137 1995 3222 profluere
2035 3157 2114 3199 ex
2152 3138 2367 3199 mente
2404 3131 2875 3215 EratostheniS‚

364 3243 475 3327 qui
522 3246 634 3307 aut
670 3243 919 3327 Libyae
974 3244 1250 3330 figuram
1295 3244 1628 3328 adaptavit
1674 3244 1934 3330 trigono
1982 3242 2358 3328 rectangulo
2405 3245 2517 3305 aut
2563 3238 2878 3322 trapezio:
2976 3309 2987 3312 ‚

363 3350 670 3434 quoniam
715 3351 878 3415 illud
913 3351 1085 3436 fecit,
1132 3352 1334 3417 altera
1369 3352 1528 3416 haec
1567 3351 1790 3437 opinio
1830 3350 1889 3414 ei
1928 3349 2352 3414 abiudicanda
2388 3353 2502 3413 est.
2585 3346 2876 3412 Eandem

362 3461 580 3522 autem
637 3479 831 3540 quam
876 3458 988 3543 qui
1033 3481 1072 3523 a
1115 3457 1435 3525 Strabone
1491 3459 1856 3543 exscriptus
1902 3462 2001 3523 est
2044 3461 2267 3522 auctor
2312 3456 2558 3542 Libyae
2603 3454 2878 3519 formam

362 3562 757 3648 cogitatione
812 3565 940 3629 sibi
993 3566 1185 3630 finxit
1228 3567 1425 3652 Mela,
1481 3589 1626 3632 cum
1682 3571 2033 3651 postquam
2087 3564 2234 3629 inde
2280 3588 2318 3628 a
2364 3568 2403 3646 ἓ
2442 3566 2524 3629 89
2575 3585 2752 3627 oram
2799 3560 2879 3624 ad

364 3691 593 3735 eurum
647 3673 1048 3753 spectantem
1102 3671 1327 3737 multis
1371 3673 1714 3757 descripsit
1759 3673 1853 3736 ita
1898 3675 2131 3758 pergat
2177 3674 2216 3752 ξ
2254 3673 2366 3736 99:
2414 3669 2632 3753 ‘Ipsae
2669 3673 2877 3732 terrae

366 3775 820 3861 promunturio
876 3777 979 3842 cui
1043 3776 1341 3863 Hesperu
1390 3779 1580 3845 Ceras
1625 3801 1865 3847 nomen
1912 3781 2011 3842 est
2056 3777 2396 3841 finiuntur:
2451 3775 2599 3841 inde
2645 3774 2879 3859 incipit

370 3882 548 3948 frons
609 3885 747 3971 illa,
812 3907 974 3971 quae
1039 3885 1108 3950 in
1169 3886 1563 3952 occidentem
1617 3907 1892 3973 vergens
1946 3884 2109 3949 mari
2163 3882 2496 3950 Atlantico
2553 3881 2877 3947 adluitur.'

368 3988 537 4067 Quid
580 3997 797 4058 autem
845 4016 1082 4078 quaeso
1130 3992 1212 4056 ab
1258 3993 1363 4058 his
1409 3994 1624 4059 differt
1669 3993 1859 4077 illud,
1906 3991 2080 4076 quod
2123 3990 2376 4056 Plinius
2422 3989 2546 4079 (VI
2582 3993 2687 4075 30,
2720 3988 2879 4074 197)

369 4099 786 4164 meridianam
830 4099 1077 4184 Libyae
1134 4123 1312 4165 oram
1358 4123 1660 4185 expresse
1708 4098 2052 4186 distinguit
2100 4099 2181 4162 ab
2229 4099 2536 4165 occidua?
2626 4097 2879 4164 Utrius-

370 4228 493 4291 que
540 4206 854 4271 terminus
901 4206 1137 4271 iterum
1183 4212 1282 4272 est
1327 4207 1718 4292 Hesperium
1765 4205 2313 4291 promunturium,
2371 4205 2549 4268 ‘inde
2596 4204 2878 4288 primum
3003 4236 3005 4239 .

371 4313 844 4400 circumagente
874 4336 942 4378 se
981 4318 1298 4377 terrarum
1324 4314 1538 4379 fronte
1568 4314 1635 4379 in
1665 4336 1961 4379 occasum
1990 4334 2063 4377 ac
2091 4335 2266 4377 mare
2294 4310 2729 4376 Atlanticum'
2757 4309 2882 4398 (VI

371 4420 476 4504 31,
516 4418 694 4507 199).
775 4419 1056 4498 Quartus
1103 4419 1377 4504 denique
1424 4421 1611 4486 testis
1656 4425 1918 4506 praesto
1957 4425 2056 4487 est
2097 4418 2450 4505 Dionysius
2489 4418 2879 4505 PeriegeteS‚

554 4651 608 4722 1)
645 4648 808 4707 Erat.
845 4650 917 4720 fr.
955 4669 1013 4721 p.
1039 4655 1173 4721 2123
1219 4648 1407 4705 Gesch.
1447 4651 1501 4706 d.
1536 4651 1678 4705 wisc.
1716 4649 1893 4706 Erdk.
1932 4651 1987 4707 d.
2026 4651 2122 4706 Gr.
2162 4647 2242 4703 111
2277 4669 2332 4722 p.
2364 4655 2449 4707 74.
