3467 5334
1259 443 1343 499 De
1378 443 1670 499 Hannonis
1707 443 1927 501 itinere.
2767 444 2844 508 41

349 611 531 677 ribus
578 608 787 675 solum
841 607 1085 673 tabulis
1140 608 1424 693 conspici
1440 605 1519 695 ¹),
1572 612 1646 674 ut
1690 609 1947 673 mittam
1989 584 2273 674 'Bonellii
2320 633 2654 697 mappam,
2702 633 2864 695 quae

349 720 672 783 ‘extensas
719 717 921 781 dunas
976 716 1054 780 de
1101 717 1348 781 arenas’
1405 716 1719 801 continet,
1775 739 2097 781 recurram
2152 716 2231 780 ad
2276 715 2641 803 Anglorum
2688 716 2863 781 char-

349 829 486 891 tam
532 824 924 889 maritimam
964 836 1155 889 'anno
1207 825 1380 890 1886
1429 823 1840 910 delineatam,
1905 824 2019 888 ubi
2080 825 2286 890 multo
2342 825 2606 890 altiores
2671 847 2868 908 supra

350 930 876 1017 promunturium
931 930 1153 995 album
1200 929 1650 1016 appinguntur
1701 930 1897 996 colles
1945 954 2139 1015 quam
2184 933 2309 997 Los
2354 933 2643 997 Matillos
2697 934 2866 1015 sunt,

354 1039 492 1103 ‘not
563 1037 918 1123 exceeding
989 1038 1120 1103 250
1192 1038 1365 1103 feet’.
1471 1037 1609 1103 Iam
1671 1060 1824 1103 vero
1887 1038 2242 1125 videamus,
2319 1062 2478 1104 num
2549 1039 2619 1103 in
2684 1042 2867 1103 tanta

353 1145 743 1211 relationum
796 1144 1208 1209 multitudine
1262 1144 1397 1209 veri
1454 1144 1821 1210 inveniendi
1887 1144 2103 1231 aliqua
2167 1169 2316 1230 spes
2381 1146 2480 1212 sit.
2581 1146 2670 1210 Et
2734 1144 2862 1230 pri-

354 1275 535 1317 mum
602 1252 883 1337 quidem,
948 1274 1261 1336 quaenam
1327 1251 1502 1316 illius
1560 1253 2023 1319 sententiarum
2076 1253 2408 1319 varietatis
2473 1257 2538 1318 et
2594 1252 2864 1317 oscitan-

361 1359 491 1423 tiae
565 1381 752 1425 causa
823 1359 935 1444 sit,
1019 1382 1168 1425 eum
1241 1360 1350 1444 qui
1426 1360 1620 1425 altius
1694 1360 2155 1445 penetraverit,
2230 1384 2362 1425 non
2436 1361 2545 1426 diu
2615 1359 2869 1425 latebit.

362 1466 680 1533 Videlicet
735 1488 982 1531 summa
1046 1466 1116 1531 in
1179 1466 1283 1531 his
1338 1467 1528 1532 terris
1585 1471 1927 1532 ventorum
1981 1467 2081 1533 vis
2136 1471 2261 1553 est,
2324 1468 2417 1532 ita
2472 1472 2545 1533 ut
2610 1489 2870 1532 arenam

365 1573 666 1639 continuo
721 1577 1021 1638 moveant
1076 1577 1142 1639 et
1197 1574 1460 1639 cottidie
1516 1575 1650 1640 fere
1705 1596 2010 1640 arenosos
2056 1574 2250 1639 colles
2297 1575 2546 1639 soleant
2591 1579 2870 1639 mutare:

356 1681 493 1744 ·‘the
557 1679 913 1745 drift-sand
974 1681 1181 1746 varies
1249 1682 1317 1746 in
1381 1681 1568 1769 grain
1622 1683 1793 1747 from
1856 1682 1968 1747 the
2035 1682 2162 1746 size
2230 1683 2304 1746 of
2349 1682 2742 1767 hemp-seed
2796 1686 2864 1745 to

355 1788 593 1852 almost
650 1810 734 1852 an
789 1788 1187 1874 impalpable
1244 1789 1507 1874 powder
1571 1790 1911 1876 searching
1976 1790 2087 1854 the
2141 1790 2433 1875 nostrils,
2495 1790 2689 1876 lungs
2744 1790 2870 1854 and

363 1896 525 1961 ears'
585 1894 693 1984 (cf.
740 1895 1001 1961 Beloher
1046 1919 1108 1979 p.
1149 1893 1392 1982 3Oo)2).
1480 1895 1708 1981 Neque
1766 1896 1997 1960 desunt
2054 1900 2228 1961 certa
2272 1897 2573 1983 vestigia,
2638 1897 2876 1981 quibus

362 2001 847 2088 comprobetur,
911 2002 1128 2086 ipsum
1184 2003 1705 2086 promunturium
1762 2005 1973 2069 album
2030 2004 2345 2088 paulatim
2402 2003 2873 2069 transformari:

365 2110 492 2175 ‘La
536 2109 1059 2174 reconnaissance
1106 2109 1262 2174 faite
1310 2133 1391 2174 en
1440 2112 1612 2175 1860
1658 2133 1779 2195 par
1824 2110 1885 2174 le
1934 2112 2382 2176 commandant
2420 2110 2612 2175 Aube
2660 2110 2872 2174 donna

365 2217 496 2282 lieu
543 2217 619 2281 de
665 2220 990 2281 constater
1038 2238 1161 2301 que
1207 2216 1302 2282 les
1348 2218 1538 2283 fonds
1585 2222 1650 2282 et
1695 2217 1757 2281 le
1803 2219 1996 2303 profil
2043 2219 2129 2282 du
2177 2241 2293 2303 cap
2333 2218 2536 2284 Blanc
2581 2216 2875 2283 s'etaient

365 2323 656 2389 modifies
711 2328 777 2389 et
834 2325 1065 2408 qu’une
1120 2324 1325 2409 petite
1382 2324 1467 2389 ile
1526 2325 1637 2410 qui
1694 2325 1957 2390 existait
2003 2328 2041 2390 3
2086 2325 2150 2390 13
2204 2325 2428 2410 pointe
2477 2323 2792 2411 d'Arguin
2838 2326 2877 2387 3

358 2432 660 2516 -l’epoque
716 2436 800 2496 03
864 2431 992 2496 l'ile
1057 2432 1159 2495 fut
1224 2431 1673 2516 abandonnee,
1740 2431 1910 2497 avait
1977 2432 2241 2516 disparu
2296 2430 2403 2520 (cf.
2457 2433 2643 2497 Τνὲυθ
2689 2456 2751 2516 p.
2792 2434 2877 2497 33

366 2539 510 2603 adn.
552 2535 638 2625 1).
714 2537 799 2603 Oe
838 2538 1263 2625 changement
1311 2538 1665 2624 s'explique
1714 2563 1834 2624 par
1880 2539 2139 2604 l’action
2184 2540 2559 2625 incessante,
2606 2562 2715 2604 sur
2763 2539 2873 2602 des

370 2644 586 2709 sables
632 2668 779 2710 sans
824 2646 1241 2732 consistance,
1289 2646 1400 2711 des
1444 2650 1629 2711 vents
1677 2647 1754 2710 de
1792 2646 1975 2712 Nord
2022 2650 2086 2710 et
2134 2646 2210 2710 de
2247 2646 2412 2732 N-E,
2460 2647 2571 2731 qui
2620 2646 2879 2711 doivent

364 2776 456 2818 -en
501 2754 786 2836 tres-peu
841 2754 1132 2819 d'annees
1178 2754 1472 2818 modifier
1524 2754 1621 2818 les
1667 2757 1973 2819 contours
2031 2754 2140 2818 des
2195 2757 2398 2818 terres
2455 2757 2520 2818 et
2565 2757 2771 2817 meme
2819 2752 2880 2816 le

372 2860 691 2946 gisement
756 2861 876 2927 des,
930 2861 1187 2945 pointes
1253 2861 1592 2925 extremes'
1658 2860 1766 2948 (cf.
1819 2861 1997 2926 Aube
2051 2884 2114 2944 p.
2152 2856 2314 2946 403)
2328 2857 2398 2947 3).
2500 2860 2667 2937 Quid
2728 2859 2881 2924 hinc

369 2967 827 3052 consequitur?
890 2968 967 3034 In
1013 2969 1233 3054 aprico
1274 2973 1374 3034 est
1408 2991 1616 3054 neque
1664 2968 1915 3055 indiget
1964 2966 2550 3052 demonstrationis,
2598 2966 2708 3051 qui
2745 2968 2878 3051 fiat,

371 3079 443 3140 ut
498 3075 687 3140 modo
744 3077 1039 3160 proxime
1101 3076 1624 3160 promunturium
1677 3077 1888 3142 album
1951 3075 2201 3140 arenosi
2250 3075 2445 3140 colles
2489 3075 2662 3139 haud
2707 3098 2881 3158 sper-

369 3183 613 3247 nendae
668 3182 1031 3248 altitudinis
1088 3183 1510 3268 aspiciantur,
1573 3183 1766 3259 modo
1821 3205 1979 3247 non:
2043 3182 2341 3246 videlicet
2400 3181 2510 3267 qui
2565 3181 2756 3246 hodie
2813 3181 2881 3244 in

371 3312 556 3355 auras
602 3295 950 3377 assurgunt
996 3290 1363 3376 monticuli,
1426 3289 1649 3375 paucis
1705 3289 1892 3353 annis
1947 3294 2098 3373 post
2151 3289 2362 3353 ventis
2417 3292 2531 3352 aut
2585 3287 2880 3352 delentur

371 3402 484 3463 aut
530 3398 836 3463 aliorsum
890 3398 1371 3485 transmigrant.
1460 3398 1686 3484 Itaque
1744 3420 1890 3462 cum
1934 3397 2170 3462 Hanno
2227 3396 2308 3460 ad
2354 3395 2880 3481 promunturium

371 3506 579 3571 album
626 3505 1198 3592 appropinquaret,
1245 3507 1491 3592 optime
1538 3507 1756 3591 potuit
1803 3506 1899 3571 ibi
1945 3505 2224 3570 incidere
2270 3504 2339 3569 in
2385 3503 2619 3568 arduos
2666 3503 2884 3588 clivos,

379 3635 558 3696 quOS,
604 3616 951 3696 postquam
998 3613 1372 3698 depressum
1417 3614 1575 3679 litus
1622 3615 1730 3678 diu
1779 3614 2017 3681 tenuit.
2074 3635 2194 3697 pro
2241 3611 2576 3676 montibus
2621 3610 2882 3674 habuit:

373 3720 565 3804 ‘pour
611 3718 721 3783 des
768 3741 938 3803 yeux
985 3718 1185 3786 135535
1241 3721 1317 3784 (13
1365 3721 1575 3786 suivre
1623 3745 1749 3785 une
1797 3726 1939 3786 cote
1996 3723 2405 3805 e'mergeante
2453 3722 2491 3782 3
2538 3717 2727 3802 peine
2775 3741 2880 3782 au-

374 3825 594 3891 dessus
650 3826 760 3891 des
816 3849 979 3892 eaux
1036 3827 1112 3891 de
1165 3824 1452 3912 l'Ocean,
1517 3827 1594 3892 de
1650 3828 1973 3893 modestes
2026 3831 2243 3892 monts
2300 3831 2413 3891 ont
2468 3848 2560 3911 pu
2606 3825 2881 3910 prendre

555 4075 608 4143 1)
645 4073 714 4128 cf.
753 4075 943 4144 joam.
976 4058 1049 4143 of
1076 4078 1162 4132 the
1196 4094 1242 4132 r.
1280 4094 1332 4149 9.
1370 4094 1473 4135 soc.
1513 4076 1566 4131 ΙΙ
1606 4081 1740 4131 1831
1796 4075 1912 4130 tab.
1944 4076 1970 4128 Ι
2006 4092 2132 4144 map
2170 4076 2238 4141 of
2266 4075 2343 4131 N.
2382 4076 2542 4145 Afr.,
2587 4082 2642 4131 to
2678 4077 2882 4131 illustr.

373 4163 460 4217 the
496 4169 659 4232 quest.
702 4164 794 4218 ‘Is
830 4165 915 4221 the
955 4166 1173 4236 Quorra
1210 4168 1295 4222 the
1333 4167 1509 4238 Niyer
1546 4167 1613 4235 of
1641 4167 1726 4221 the
1764 4165 2032 4220 ancients’
2072 4163 2149 4234 by
2186 4164 2389 4221 Leake.

553 4254 608 4319 2)
649 4251 717 4305 cf.
767 4252 960 4322 Suess,
1008 4254 1222 4309 Antlitz
1267 4257 1365 4311 der
1410 4256 1563 4312 Erae
1607 4255 1662 4310 II
1699 4261 1822 4311 636.
1896 4252 2161 4322 Martius,
2218 4253 2338 4310 Von
2384 4255 2739 4324 Spitzberqen
2782 4269 2884 4308 zur

374 4340 594 4396 Sahara
628 4339 681 4394 H
717 4346 820 4396 287
838 4359 919 4410 sq.
993 4341 1192 4397 Rohlts
1238 4343 1501 4401 Ausland
1548 4350 1684 4400 1872
1730 4364 1785 4415 p.
1821 4349 1919 4399 105
1938 4361 2015 4412 sq.
2092 4343 2296 4412 Desor,
2343 4344 2466 4399 Aus
2503 4344 2723 4399 Sahara
2767 4343 2887 4398 wnd

374 4430 539 4485 Atlas
581 4447 636 4499 p.
669 4436 755 4484 56.
830 4428 1065 4501 Ozerny,
1125 4432 1468 4505 Wirkunyen
1513 4437 1606 4491 des
1652 4434 1881 4489 Windes
1925 4434 2036 4502 auf
2074 4435 2163 4489 die
2206 4432 2750 4504 Oberflc‘ichenyestalt
2789 4433 2886 4487 der

375 4519 556 4575 Erde:
596 4520 714 4575 Pet.
753 4536 886 4575 arm.
923 4522 1107 4591 suppl.
1150 4527 1289 4576 1876
1326 4540 1379 4591 p.
1415 4528 1576 4593 1sqq.

565 4610 622 4680 3)
659 4608 730 4666 cf.
765 4607 1003 4664 Belcher
1037 4628 1092 4680 p.
1123 4615 1253 4666 300:
1295 4609 1433 4667 ‘The
1470 4611 1633 4666 rocks
1671 4613 1807 4667 bear
1841 4611 2071 4668 witness
2109 4612 2176 4669 of
2204 4612 2302 4668 the
2339 4610 2492 4665 force
2530 4609 2595 4665 of
2626 4610 2886 4667 attrition

379 4714 451 4752 on
488 4696 586 4753 the
625 4698 877 4769 superior
914 4697 1146 4767 surface‚
1184 4700 1354 4770 being
1391 4700 1448 4755 in
1486 4716 1640 4755 some
1675 4701 1866 4770 places
1904 4701 2241 4773 completely
2279 4699 2576 4756 smoothed
2615 4701 2816 4757 down.'
