3467 5334
571 356 652 421 18
1696 357 1879 428 Caput
1912 358 1955 412 Ι.

744 521 1047 586 Proxima
1094 524 1192 586 est
1239 521 1495 586 Melitta
1509 518 1561 608 1)
1607 522 1794 605 urbS‚
1842 543 2004 605 quae
2053 520 2269 587 Mesae
2312 519 2597 585 fluminis
2645 518 2884 585 ostium
2930 542 3077 603 pro-

569 627 880 692 babiliter
925 628 1154 693 tenuit.

741 736 881 800 Iam
933 758 1087 801 vero
1144 757 1290 801 cum
1334 736 1662 801 Antiatlas
1719 758 1906 800 mons
1962 736 2043 799 ad
2096 758 2270 799 mare
2327 740 2693 820 procurrat,
2756 739 2897 799 toto
2953 735 3077 799 hoc

562 846 774 907 tractu
819 865 1028 927 neque
1073 843 1312 907 flumen
1360 843 1690 929 egreditur
1732 864 1943 928 neque
1989 842 2170 929 regio
2217 842 2570 928 invenitur,
2617 848 2789 928 apta,
2834 842 2904 907 in
2950 864 3076 927 qua

561 951 721 1014 urbs
759 948 1214 1038 aedificetur2)‚
1260 972 1406 1015 cum
1453 951 1635 1035 quasi
1672 973 1802 1015 uno
1849 950 1983 1015 ictu
2035 949 2252 1014 omnia
2298 954 2647 1033 mutentur,
2693 949 2809 1013 ubi
2856 971 3074 1033 perve-

461 1080 466 1085 ·
560 1056 736 1121 neris
799 1057 880 1120 ad
945 1057 1329 1123 hodiernum
1397 1059 1526 1125 Ued
1578 1060 1751 1124 Nun.
1850 1058 2171 1124 Videlicet
2244 1056 2646 1141 pulchriores
2705 1055 3074 1121 fertiliores-

562 1185 686 1247 que
727 1163 958 1250 plagas
993 1165 1318 1229 rarissime
1354 1164 1514 1228 alias
1543 1187 1875 1230 occurrere
1904 1164 1948 1228 J
1949 1163 2334 1229 annaschius
2363 1162 2433 1250 (l.
2460 1162 2501 1227 l.
2531 1187 2593 1246 p.
2616 1160 2777 1249 236)
2806 1162 3074 1247 exponit

559 1268 844 1354 itemque
884 1272 1130 1336 bonum
1175 1271 1269 1336 ibi
1314 1275 1546 1335 natura
1584 1271 1753 1335 effici
1792 1274 2073 1355 portum,
2120 1292 2247 1354 quo
2286 1270 2487 1334 vitam
2525 1273 2591 1333 et
2633 1268 2936 1353 spiritum
2980 1269 3073 1333 in-

560 1375 735 1440 colae
774 1376 1026 1442 ducant.
1100 1377 1340 1442 Omnes
1375 1377 1578 1464 igitur
1620 1376 2105 1462 probabilitatis
2139 1399 2445 1442 numeros
2478 1377 2697 1461 habet,
2734 1376 3072 1441 Hannonis

556 1480 897 1568 Arambyn
941 1485 1306 1568 ponendam
1353 1507 1489 1549 esse
1538 1484 1618 1547 ad
1662 1484 2041 1549 hodiernam
2084 1485 2307 1550 Asaka
2350 1483 2594 1548 urbem.

738 1588 899 1654 Cum
944 1613 1095 1655 vero
1134 1591 1292 1655 haec
1336 1591 1591 1656 lubrica
1638 1596 1703 1656 et
1750 1590 2059 1676 ambigua
2104 1595 2424 1674 maneant,
2470 1594 2717 1655 certum
2764 1591 2879 1656 ubi
2927 1614 3070 1657 con-

559 1694 861 1762 sistamus
895 1697 1111 1762 locum
1149 1719 1600 1782 recuperamus
1624 1682 1718 1761 ¹ex
1759 1695 1852 1761 eis
1881 1719 2043 1781 quae
2075 1702 2431 1782 sequuntur
2462 1698 2634 1783 apud
2660 1697 3072 1764 Hannonem:

555 1803 892 1868 Κάκεῖθεν
967 1802 1374 1888 ἀναχθέντες
1445 1805 1747 1888 ἤλθομεν
1822 1802 1928 1868 ἐπὶ
2001 1802 2210 1889 μέγαν
2280 1809 2581 1890 ποταμὸν
2652 1804 2882 1884 Λίξον.
2993 1806 3067 1871 In

557 1908 840 1993 Scylacis
887 1910 1313 1995 descriptione
1361 1909 1430 1999 (ξ
1471 1908 1630 1997 112)
1676 1909 2049 1976 Soloentem
2095 1912 2621 1995 promunturium
2668 1912 2905 1997 excipit
2950 1936 3068 1979 πο-

555 2019 759 2101 ταμὸς
806 2017 1010 2091 Ξιῶνε
1075 2040 1268 2103 quam
1323 2040 1547 2083 vocem
1600 2016 1855 2082 librarii
1907 2017 2201 2082 fortassis
2248 2042 2463 2084 errore
2511 2025 2884 2104 corruptam
2930 2042 3065 2084 esse

554 2122 828 2188 Mueller
891 2123 983 2212 (p.
1030 2124 1104 2212 5)
1169 2125 1358 2190 dixit:
1419 2146 1592 2189 nunc
1656 2123 1828 2188 idem
1893 2146 1927 2188 e
1982 2124 2189 2189 Melae
2252 2125 2353 2190 ΙΠ
2410 2128 2534 2191 107
2606 2127 2936 2211 profectus
2993 2131 3066 2190 ut

552 2229 800 2315 Scylaci
857 2232 1161 2298 reddatur
1213 2232 1465 2312 Λιξιών
1519 2230 1860 2317 proposuit
1872 2228 1943 2317 3).
2041 2230 2181 2295 Iam
2234 2254 2273 2296 a
2328 2231 2629 2298 Soloente
2684 2233 2766 2298 ad
2821 2232 3067 2299 Cernen

553 2343 805 2422 septem
860 2339 1109 2405 dierum
1153 2339 1622 2425 praeter-vectio
1683 2342 1809 2420 est,
1864 2360 2012 2402 orae
2067 2319 2442 2424 longitudo⁸
2465 2344 2640 2404 recta
2696 2340 2751 2405 si
2805 2364 3067 2428 progre-

554 2442 767 2508 dimur
810 2443 982 2509 linea
1028 2448 1205 2512 3000
1243 2445 1617 2531 stadiorum,
1664 2445 1719 2509 si
1768 2444 1907 2510 eius
1952 2445 2435 2512 curvaminibus
2479 2469 2600 2512 nos
2646 2447 3069 2532 applicamuS‚

553 2550 730 2615 3500
776 2573 814 2614 a
858 2533 1312 2635 promunturio
1361 2551 1593 2618 Cantin
1639 2551 1720 2615 ad
1766 2552 1953 2618 Draa
1999 2551 2267 2617 fluvium
2280 2550 2336 2639 4)
2392 2575 2623 2638 usque:
2682 2554 2850 2619 unde
2896 2554 3066 2619 idem

551 2657 867 2741 temporis
915 2659 1199 2743 spatium
1245 2659 1631 2724 Hannonem
1679 2680 1935 2744 quoque
1992 2681 2067 2724 ea
2121 2659 2533 2746 navigatione
2592 2662 3067 2746 consumpsisse

553 2767 786 2829 statuo.
879 2765 1120 2842 Quodsi
1166 2788 1317 2831 vero
1363 2766 1471 2832 hic
1517 2764 1727 2850 μέγαν
1774 2769 2074 2852 ποταμὸν
2119 2765 2357 2831 Lixum
2403 2767 2721 2854 appellat,
2773 2768 3065 2853 profecto

562 2870 693 2937 Ued
733 2873 923 2938 Draa
966 2873 1323 2939 maximum
1360 2872 1648 2938 omnium
1695 2894 1859 2957 quae
1906 2895 1945 2937 a
1991 2872 2242 2937 deserto
2291 2874 2798 2957 septentrionem
2842 2897 3065 2940 versus

553 2977 974 3064 egrediuntur
1033 2979 1374 3046 fluminum
1438 2984 1565 3065 est,
1630 3000 1778 3044 cum
1840 2980 2058 3064 ipsum
2111 2979 2415 3044 Rhenum
2468 2979 2874 3067 longitudine
2887 2978 2942 3067 ⁵)
2997 2986 3064 3045 et

549 3087 845 3168 tempore
891 3086 1162 3170 pluviali
1201 3087 1396 3151 etiam
1441 3108 1756 3171 aquarum
1800 3085 2220 3151 multitudine
2267 3092 2555 3171 superet:
2599 3088 2846 3157 labitur
2890 3088 3064 3153 enim

549 3190 730 3256 alveo
797 3194 974 3257 2000
1020 3215 1102 3257 m.
1167 3193 1333 3259 lato!
1434 3193 1776 3258 Praeterea
1833 3193 1901 3257 id
1955 3192 2150 3257 velim
2205 3193 2636 3258 reminiscaris
2690 3195 3065 3260 certissimis

548 3296 939 3363 testimoniis
977 3305 1290 3386 constare,
1336 3300 1668 3365 veteribus
1704 3299 2112 3384 temporibus
2158 3299 2351 3364 huius
2394 3322 2541 3364 orae
2579 3301 2810 3365 fluvios
2856 3302 3060 3367 multo

548 3403 824 3469 maiores
871 3410 936 3470 et
983 3429 1186 3492 aquae
1224 3408 1681 3473 abundatiores
1727 3407 1926 3472 fuisse
1940 3405 2012 3494 6),
2058 3406 2126 3472 id
2165 3406 2338 3492 quod
2382 3405 2520 3491 ipse
2567 3406 2736 3471 infra
2780 3409 3061 3474 luculen-

733 3620 787 3688 1)
825 3618 898 3673 ad
935 3617 1208 3675 Hecataei
1243 3618 1625 3690 fragmentum
1662 3626 1766 3675 327
1787 3619 1862 3677 M.
1903 3619 1995 3690 (cf.
2036 3616 2386 3689 Steph.-Byz.
2426 3635 2470 3673 8.
2507 3636 2562 3675 v.
2589 3615 2865 3691 Μέλιττα)
2911 3620 3062 3675 infra

550 3722 850 3761 recurram.
1795 3707 1800 3711 ’

731 3796 788 3864 2)
828 3796 899 3852 cf.
935 3796 1224 3852 Jannasch
1260 3816 1314 3867 p.
1345 3802 1468 3855 234.
1507 3803 1629 3855 236.

729 3887 785 3955 3)
830 3885 993 3940 Hanc
1042 3885 1423 3942 coniecturam
1473 3886 1714 3958 protulit
1760 3887 1998 3943 Mueller
2043 3887 2117 3942 ad
2161 3887 2306 3942 Ptol.
2354 3886 2432 3939 IV
2481 3892 2540 3955 6,
2588 3893 2647 3953 6,
2703 3886 2872 3942 sicuti
2925 3903 3056 3958 cog·

550 3973 685 4030 novi
722 3991 792 4029 ex
827 3974 1090 4030 editionis
1126 3976 1562 4032 Ptolemaeanae
1596 3977 1847 4047 plagulis
1889 3977 2140 4032 nondum
2187 3974 2403 4046 publici
2439 3972 2579 4029 iuris
2616 3974 2808 4045 factis,
2857 3976 3057 4045 quibus

552 4066 618 4119 ut
655 4065 859 4132 uterer,
896 4063 1302 4135 benignissime
1338 4064 1427 4120 vir
1471 4065 1569 4120 ille
1608 4065 1966 4120 doctissimus
2016 4064 2156 4118 mihi
2191 4063 2477 4134 permisit:
2526 4064 2683 4119 cuius
2721 4064 3057 4120 benevolen-

546 4152 665 4209 tiae
700 4151 974 4206 maximae
1012 4152 1067 4206 ei
1101 4152 1317 4222 gratias
1357 4170 1483 4225 ago.

726 4244 783 4313 4)
823 4242 892 4298 cf.
921 4241 1161 4298 Mueller
1186 4261 1242 4313 p.
1264 4247 1313 4299 5.
1361 4242 1552 4299 Tissot
1576 4261 1633 4313 p.
1653 4249 1777 4300 256.
1823 4242 2066 4299 Knoetel
2092 4261 2148 4313 p.
2172 4247 2254 4298 19.
2300 4243 2443 4299 Entz
2469 4259 2524 4313 p.
2547 4249 2633 4300 30.
2682 4243 2863 4298 Treve
2890 4261 2947 4314 p.
2968 4248 3055 4300 24.

546 4329 785 4387 Peschel
820 4349 875 4402 p.
905 4338 990 4387 22.

728 4423 783 4491 5)
822 4419 891 4477 cf.
927 4420 1258 4490 Humboldt‚
1296 4422 1599 4478 Amichten
1634 4422 1731 4478 der
1766 4420 1993 4477 Natta-⁸
2029 4421 2055 4475 1
2092 4441 2146 4492 p.
2184 4428 2304 4479 147.

725 4510 782 4578 6)
819 4509 890 4566 cf.
935 4510 1138 4565 Rohlfs
1185 4511 1300 4566 Pet.
1347 4527 1479 4566 ann.
1529 4515 1694 4581 1877,
1752 4531 1807 4582 p.
1845 4516 1977 4579 4243
2032 4528 2168 4569 neue
2223 4512 2484 4583 Beitrc‘iqe
2536 4528 2639 4568 zur
2687 4511 3056 4582 Entdeckwny

546 4599 666 4654 und
711 4597 1096 4669 Erforschwny
1131 4598 1369 4663 Afrikas
1415 4604 1580 4669 1881,
1627 4617 1681 4669 p.
1713 4606 1808 4669 96,
1857 4600 1929 4655 de
1973 4599 2244 4664 CastrieS,
2292 4603 2470 4657 notice
2512 4617 2611 4656 em·
2655 4601 2715 4656 la
2754 4603 2946 4672 reqion
2989 4604 3056 4657 de
