3467 5334
1240 394 1323 449 De
1362 394 1652 450 Hannonis
1691 394 1911 452 itinere.
2748 396 2837 460 45

334 557 665 623 meridiem
710 580 932 622 versus
979 561 1351 641 protensam
1396 557 1772 623 tenuissent.
1863 558 2007 623 Hoc
2055 558 2166 643 qui
2213 558 2558 646 diligenter
2604 561 2841 644 ponde-

333 665 588 751 raverit,
634 665 743 729 vix
791 664 1140 749 dubitabit,
1187 664 1344 749 quin
1391 665 1472 729 ab
1518 665 1826 730 hodierno
1866 666 2317 749 promunturio
2357 668 2638 751 Bojador
2675 666 2868 731 alius.

334 773 666 839 cuiusdam
731 772 962 857 populi
1027 772 1207 837 sedes
1262 771 1593 856 coeperint
1658 772 1740 836 ab
1808 794 1883 855 ea
1948 795 2109 857 quae
2170 774 2593 839 antecedebat
2648 777 2842 860 gente

331 879 559 967 lingua
606 878 812 944 divisi.
902 877 1216 963 Inspicias
1263 883 1479 943 autem
1536 902 1772 964 quaeso
1820 902 2072 944 mecum
2129 903 2322 965 quam
2366 881 2692 946 Fitzavius
2738 882 2840 945 ad-

331 985 660 1049 umbravit
732 985 1026 1049 tabulam
1090 985 1684 1072 ethnographicam,
1758 991 1823 1051 et
1898 986 2124 1071 quovis
2188 987 2462 1074 pignore
2527 988 2844 1072 certarim,

330 1093 487 1177 fore,
533 1096 607 1156 ut
645 1114 895 1156 summa
933 1091 1232 1156 afficiaris
1270 1093 1710 1178 admiratione,
1758 1117 1904 1159 cum
1940 1093 2049 1157 vix
2088 1094 2259 1158 credi
2298 1095 2525 1180 possit,
2573 1099 2840 1180 quanto-

329 1222 483 1284 pere
539 1199 888 1263 hodiernus
942 1221 1157 1264 rerum
1213 1203 1420 1264 status
1475 1199 1815 1264 Hannonis
1868 1200 2224 1266 narrationi
2272 1202 2633 1273 conveniat:
2699 1225 2839 1267 eva-

328 1310 600 1371 nescunt
646 1311 797 1391 post
844 1306 1033 1371 unius
1080 1308 1213 1371 fere
1261 1306 1386 1370 diei
1432 1306 1603 1371 viam
1649 1330 1687 1372 a
1723 1309 1976 1373 Sakhiet
2019 1309 2075 1374 el
2110 1308 2397 1374 Hamrae
2440 1309 2606 1374 ostio
2652 1309 2837 1373 meri-

332 1414 502 1479 diem
537 1435 757 1478 versus
796 1435 1119 1478 emensam
1158 1436 1319 1497 quae
1358 1414 1630 1479 antehac
1664 1414 1823 1480 litus
1860 1418 2208 1480 tenuerunt
2245 1420 2491 1502 genteS,
2528 1417 2840 1481 accedunt

334 1520 414 1584 ad
469 1543 666 1605 mare,
732 1543 894 1605 quae
950 1521 1282 1605 hucusque
1335 1521 1717 1586 habitarunt
1776 1526 2014 1586 terram
2059 1522 2607 1588 mediterraneam.
2699 1522 2839 1588 Nec

335 1651 482 1693 vero
530 1633 663 1693 tam
710 1629 948 1693 stultus
996 1652 1139 1693 sum
1184 1633 1248 1694 et
1294 1627 1582 1714 inscitus,
1625 1633 1702 1693 ut
1751 1629 2159 1714 contendam,
2206 1628 2463 1694 eosdem
2511 1630 2622 1715 qui
2667 1652 2840 1694 nunc

333 1734 594 1799 finitimi
641 1735 770 1800 sibi
818 1739 969 1800 sunt
1015 1735 1298 1821 populos
1353 1735 1638 1820 antiquis
1684 1735 1815 1802 iam
1870 1735 2279 1819 temporibus
2332 1737 2450 1801 has
2496 1737 2841 1803 incoluisse

331 1841 646 1928 regiones,
737 1840 940 1907 Immo
987 1847 1282 1907 nostrum
1329 1847 1426 1907 est
1483 1841 1836 1928 inquirere,
1892 1865 2207 1926 quaenam
2264 1843 2461 1929 stirps
2509 1867 2547 1909 a
2593 1849 2845 1929 septen-

334 1948 564 2033 trione,
612 1971 926 2033 quaenam
964 1972 1002 2012 a
1038 1949 1304 2015 meridie
1349 1950 1680 2035 hucusque
1727 1950 2135 2034 pertinuerit,
2182 1954 2375 2035 atque
2423 1955 2642 2035 potest
2687 1952 2847 2016 haec

332 2056 626 2141 quaestio
666 2055 858 2121 certis
895 2060 1186 2120 veterum
1223 2055 1613 2121 testimoniis
1651 2057 2004 2143 profligari.
2077 2056 2345 2122 Initium
2383 2058 2845 2143 disputationis

330 2164 624 2248 repetam
671 2164 754 2227 ab
803 2162 947 2248 ipso
986 2163 1322 2249 Hannone,
1370 2164 1481 2249 qui
1529 2164 1609 2228 ad
1652 2164 1890 2229 Lixum
1935 2164 2204 2229 fluvium
2250 2165 2319 2229 in
2360 2165 2845 2230 mediterraneis

332 2272 563 2336 saltem
609 2271 921 2335 inciderat
965 2270 1035 2335 in
1071 2270 1434 2356 Aethiopas
1480 2271 1550 2360 (ξ
1591 2269 1679 2359 7),
1727 2295 2002 2356 quorum
2049 2275 2255 2337 terras
2301 2294 2339 2335 a
2386 2272 2586 2337 Cerne
2633 2272 2845 2336 insula

332 2401 449 2462 per
513 2377 849 2443 duodecim
923 2377 1058 2442 dies
1131 2379 1749 2463 praetervehebatur
1802 2377 1873 2467 (ξ
1924 2375 2054 2465 11).
2155 2378 2612 2445 Reminiscaris
2678 2378 2844 2464 dein,

333 2484 662 2569 Scylacem
715 2504 974 2550 narrare
1030 2484 1100 2573 (ξ
1142 2482 1300 2572 112)
1345 2486 1702 2552 Phoenices
1749 2486 1829 2550 ad
1877 2485 2125 2561 Cernen
2171 2487 2552 2552 commercia
2600 2487 2842 2551 habere

339 2614 485 2656 cum
530 2591 985 2676 Aethiopibus,
1029 2614 1238 2677 neque
1286 2593 1353 2657 id
1403 2593 2076 2679 praetermittendum,
2124 2593 2194 2658 in
2237 2594 2435 2658 Plinii
2483 2592 2575 2681 (V
2625 2597 2681 2679 1,
2732 2591 2845 2680 10)

340 2698 814 2763 enumeratione
886 2699 1216 2764 Daratitas
1289 2700 1584 2784 excipere
1647 2699 2012 2784 Aethiopas
2085 2701 2409 2767 Perorsos
2509 2699 2845 2766 Accedunt

336 2803 571 2869 Strabo
618 2802 711 2892 (II
755 2807 814 2890 3,
860 2807 903 2870 4
947 2829 1010 2890 p.
1062 2802 1237 2893 100),
1298 2805 1641 2871 Sallustius
1687 2805 1854 2895 (Iug.
1897 2804 2035 2892 19),
2088 2806 2434 2892 Appianus
2481 2807 2702 2895 (Num.
2751 2805 2842 2893 5),

333 2911 444 2995 qui
484 2934 611 2977 uno
642 2935 953 2978 consensu
991 2914 1272 2998 tradunt,
1301 2912 1662 2998 Aethiopas
1697 2912 1943 2978 vicinos
1981 2913 2179 2978 fuisse
2217 2913 2459 2978 Bocchi
2499 2914 2772 2998 imperio
2792 2913 2840 3001 ¹)

330 3021 395 3082 et
449 3017 778 3083 habitasse
836 3019 1030 3084 etiam
1095 3024 1274 3084 trans
1328 3020 1469 3085 loca
1525 3023 1754 3085 exusta
1817 3020 1972 3087 solis
2018 3020 2374 3086 ardoribus.
2464 3019 2572 3085 Ab
2639 3021 2843 3086 altera

330 3146 480 3189 vero
538 3130 723 3210 parte
768 3126 1121 3191 Pausanias
1166 3125 1197 3191 I
1242 3130 1348 3211 33,
1394 3129 1436 3193 5
1495 3132 1798 3212 testatur,
1860 3110 2262 3195 Nasamonas
2306 3127 2558 3193 Lixitas
2623 3129 2842 3212 appel·

328 3233 461 3297 lare
509 3255 636 3318 eos,
678 3233 794 3318 'qui
841 3234 910 3298 in
956 3234 1262 3300 extremis
1307 3235 1554 3320 Libyae
1599 3235 1843 3300 finibus
1888 3234 2221 3300 Atlantem
2266 3233 2571 3299 accolant.
2664 3235 2840 3312 Quae

331 3339 587 3426 singula
641 3364 759 3425 per
813 3364 880 3405 se
937 3345 1229 3425 spectata
1290 3363 1422 3407 non
1475 3343 1721 3408 habent
1781 3342 2052 3407 multam
2104 3341 2263 3427 vim3
2329 3341 2441 3405 sed
2499 3341 2841 3407 coniuncta

330 3446 499 3509 inter
562 3468 630 3510 se
683 3469 816 3511 non
871 3452 1022 3512 sunt
1077 3449 1460 3532 spernenda:
1527 3448 1807 3514 efficitur
1858 3448 2005 3513 inde
2059 3448 2303 3533 Libyas
2359 3452 2424 3512 et
2476 3446 2840 3533 Aethiopas

331 3553 664 3636 proximos
711 3553 838 3617 sibi
887 3555 1209 3637 quondam
1254 3555 1484 3641 fuisse3
1544 3557 1886 3641 terminus,
1934 3556 2045 3640 qui
2105 3555 2275 3620 inter
2330 3578 2439 3620 eos
2494 3556 2839 3641 intercidit,

330 3659 807 3724 accuratissime
864 3659 1166 3724 definitur
1217 3661 1556 3726 Hannonis
1610 3662 1893 3747 periplo:
1951 3662 2258 3727 nimirum
2313 3663 2484 3727 idem
2538 3668 2661 3749 est,
2728 3664 2839 3747 qui

330 3765 520 3832 hodie
575 3768 880 3834 Berberos
934 3767 1218 3853 seiungit
1279 3766 1656 3852 Arabesque
1704 3769 1888 3853 quasi
1940 3772 2173 3833 natura
2232 3768 2376 3852 ipsa
2431 3769 2838 3836 constitutus

329 3872 428 3938 Ac
483 3878 695 3938 totum
752 3876 1076 3940 desertum
1131 3873 1287 3939 olim
1342 3874 1411 3938 in
1463 3873 1866 3959 Aethiopum
1931 3876 2179 3941 dicione
2238 3876 2437 3940 fuisse
2493 3899 2840 3962 omnesque

333 3982 470 4046 eius
517 4004 820 4047 amoenos
864 3983 1042 4048 locos
1088 3982 1171 4047 ab
1219 3981 1313 4046 eis
1352 3986 1699 4066 occupatos
1746 4005 1943 4067 supra
1988 3983 2118 4047 iam
2156 3983 2552 4066 praeteriens
2589 3985 2840 4050 monui:

332 4087 575 4171 passim
635 4088 806 4153 enim
861 4089 929 4153 in
974 4091 1228 4157 Sakara
1274 4094 1497 4155 extant
1553 4090 1841 4155 aedificia
1906 4095 1971 4155 et
2025 4096 2466 4176 monumenta,
2532 4114 2692 4176 quae
2758 4092 2838 4155 ad

333 4194 494 4258 alios
540 4199 833 4259 auctores
879 4201 1202 4280 nequeant
1238 4198 1481 4283 reduci3
1529 4198 1855 4284 congessit
1903 4220 2065 4283 quae
2111 4199 2238 4263 huc
2284 4203 2584 4283 spectant
2623 4199 2837 4264 omnia

331 4297 773 4387 Duveyrier2)‚
829 4302 1009 4368 cuius
1063 4303 1270 4388 ipsius
1316 4306 1514 4370 verba
1559 4305 1838 4390 repetita
1894 4305 2279 4390 expendam:
2345 4306 2426 4370 ‘il
2484 4310 2581 4371 est
2628 4306 2838 4370 desor-

516 4552 568 4619 1)
607 4550 674 4605 cf.
713 4549 859 4605 Ptol.
899 4550 975 4605 IV
1013 4557 1062 4618 6,
1105 4557 1187 4608 16.
1262 4551 1332 4607 cf.
1368 4551 1610 4607 Knoetel
1646 4552 1682 4606 1.
1720 4553 1760 4609 1.
1798 4572 1851 4623 p.
1886 4559 1968 4610 12.
2044 4552 2256 4609 Goebel
2292 4553 2329 4608 1.
2368 4551 2405 4607 1.
2444 4568 2498 4620 p.
2532 4558 2617 4607 62.

509 4642 565 4711 2)
603 4641 677 4696 les
720 4639 995 4712 Touareys
1030 4641 1109 4696 du
1145 4642 1305 4697 Nord
1340 4660 1393 4712 p.
1421 4646 1523 4700 279
1541 4659 1662 4710 sqq.
