3467 5334
467 316 472 322 ¹
571 359 698 424 112
1658 361 1840 433 Caput
1876 361 1970 417 III.

563 525 913 611 eodemque
953 524 1254 610 pertinet,
1304 525 1480 610 quod
1516 525 1651 590 ludi
1689 526 1801 591 isti
1840 527 1951 612 qui
1990 529 2158 604 Χόες
2194 527 2463 591 audiunt
2499 528 2857 594 laudantur.
2941 525 3079 592 Iam

561 655 712 698 vero
767 636 1027 719 tempus
1084 636 1181 697 est
1238 631 1725 697 reminiscamur
1791 656 1953 718 quae
2020 656 2215 717 supra
2280 635 2577 719 exposita
2642 641 2793 700 sunt
2851 636 2928 699 de
2986 634 3079 699 eis

563 739 939 804 auctoribus
986 739 1097 823 qui
1145 739 1406 804 omnino
1455 739 1531 804 de
1581 740 1849 825 occidua
1880 739 2129 823 Libyae
2178 762 2289 804 ora
2335 741 2670 826 scripsisse
2716 742 3079 806 videantur:

559 847 991 912 necessarium
1039 847 1210 912 enim
1257 851 1383 931 est,
1431 848 1513 912 ad
1557 870 1758 913 unum
1806 871 1885 912 ex
1933 870 2155 912 eorum
2199 870 2468 913 numero
2515 849 2866 914 referamus
2915 870 3077 931 quae

561 952 844 1038 Scylacis
908 954 1162 1039 periplo
1230 954 1642 1020 continentur
1707 955 1811 1020 vel
1866 955 2008 1019 ideo
2018 1006 2036 1041 ,
2103 955 2275 1039 quod
2329 959 2578 1021 tantam
2635 956 2811 1020 illius
2864 956 3079 1020 litoris

561 1083 717 1144 prae
773 1084 841 1125 se
896 1061 1113 1125 ferunt
1167 1060 1496 1146 notitiam,
1553 1066 1628 1126 ut
1681 1062 2003 1148 nequierit
2055 1085 2129 1126 ea
2175 1085 2560 1147 componere
2604 1063 2731 1129 nisi
2779 1064 2889 1148 qui
2937 1064 3078 1147 ipse

560 1167 999 1234 Mauretaniae
1064 1191 1209 1233 oras
1272 1168 1771 1255 pervestigavit:
1835 1169 2010 1254 quod
2062 1169 2117 1234 si
2182 1170 2501 1256 concedis,
2566 1193 2646 1235 ex
2709 1174 3080 1255 temporum

564 1276 785 1341 ordine
839 1277 934 1341 nil
988 1275 1403 1361 relinquitur,
1462 1276 1587 1341 nisi
1644 1281 1717 1341 ut
1773 1277 1849 1341 de
1904 1277 2316 1360 Euthymene
2372 1278 2747 1364 cogitemus
2849 1276 3078 1354 Quam—

565 1404 759 1465 quam
832 1405 907 1448 eo
971 1405 1104 1447 non
1167 1383 1603 1470 pervenimus,
1676 1387 1750 1448 ut
1818 1383 1989 1467 quod
2052 1384 2654 1467 probabilissimum
2719 1389 2816 1449 est
2882 1384 3079 1448 etiam

563 1492 737 1553 certa
808 1489 1297 1555 ratiocinatione
1379 1490 1768 1554 efficiamus:
1852 1490 2097 1555 scilicet
2180 1491 2557 1556 tenuissima
2637 1490 3075 1575 Euthymenei

563 1593 771 1659 libelli
834 1597 1198 1683 fragmenta
1249 1606 1350 1643 —-'
1392 1619 1473 1661 ne
1536 1596 1761 1662 dicam·
1800 1620 2001 1662 unum
2054 1635 2144 1644 —-
2200 1601 2478 1662 aetatem
2531 1599 2822 1663 tulerunt
2878 1621 3080 1682 eaque

562 1703 911 1768 maximam
974 1709 1230 1789 partem
1293 1705 1477 1768 foede
1543 1705 1908 1789 depravata.
2010 1704 2274 1768 Etenim
2338 1727 2485 1769 cum
2544 1709 2885 1791 tantopere
2942 1704 3080 1769 eius

563 1811 951 1876 sententiam
1033 1811 1418 1876 detorserint
1501 1812 1893 1895 posteriores
1911 1861 1928 1894 ,
2011 1815 2083 1875 ut
2168 1811 2419 1875 dulcem
2495 1813 2691 1877 maris
2763 1812 3081 1877 Atlantici

565 1938 864 1999 saporem
910 1940 1058 1982 eum
1105 1917 1344 1982 dixisse
1390 1923 1718 2004 nugentur
1765 1917 1873 2006 (cf.
1920 1917 2060 1982 Ael.
2106 1916 2305 1981 Arist.
2353 1917 2417 1982 H
2462 1943 2524 2003 p.
2563 1922 2691 1984 471
2718 1942 2855 2004 sqq.
2941 1917 3084 1984 Sen.

563 2027 693 2087 nat.
734 2029 977 2109 quaest.
1016 2023 1110 2090 IV
1138 2028 1196 2090 2.
1259 2024 1354 2089 Pl.
1391 2024 1555 2088 Plat.
1594 2024 1753 2109 phil.
1792 2023 1886 2089 IV
1917 2027 1970 2089 1.
2017 2024 2175 2108 Lyd.
2215 2024 2293 2087 de
2329 2047 2527 2089 mens,
2566 2024 2659 2091 IV
2688 2028 2771 2090 68
2811 2049 2873 2109 p.
2905 2023 3086 2112 262),

562 2151 691 2194 uno
739 2135 995 2197 tantum
1044 2132 1187 2196 loco
1235 2131 1301 2196 in
1348 2131 1681 2196 meliorem
1728 2135 1973 2196 statum
2018 2131 2372 2217 redigimur
2419 2130 2526 2219 (cf.
2573 2131 2809 2196 Athen.
2846 2131 2910 2196 H
2949 2129 3084 2218 87),

563 2236 657 2300 ita
702 2241 776 2301 ut
822 2238 1039 2324 aliqua
1087 2238 1316 2304 saltem
1364 2261 1510 2303 cum
1555 2239 2026 2323 probabilitate
2075 2261 2390 2322 quaenam
2436 2239 2632 2303 fuerit
2680 2239 2817 2303 eius
2856 2239 3079 2323 opinio

566 2342 1088 2432 constituatur¹):
1132 2366 1367 2429 nempe
1413 2344 1669 2409 videtur
1714 2344 1853 2410 Nili
1902 2344 2220 2430 originem
2267 2345 2606 2411 deduxisse
2655 2369 2688 2409 e
2733 2346 2879 2410 lacu
2927 2369 3079 2430 quo—

565 2450 714 2515 dam
759 2475 963 2537 prope
1008 2450 1412 2515 Atlanticum
1457 2474 1631 2516 mare
1680 2452 1805 2515 sito
1853 2475 1995 2516 eam
2051 2451 2135 2515 ob
2193 2473 2475 2538 causam,
2543 2453 2714 2537 quod
2769 2453 3082 2517 extabant

563 2557 661 2622 ibi
697 2557 960 2642 plantae
999 2562 1063 2623 et
1109 2558 1606 2623 inveniebantur
1652 2559 1971 2644 animalia,
2021 2581 2182 2643 quae
2219 2558 2416 2646 vulgo
2454 2558 2591 2625 Nili
2639 2559 2902 2645 propria
2941 2582 3079 2624 esse

563 2665 991 2731 credebantur
1036 2689 1074 2730 a
1120 2665 1451 2730 veteribus
1459 2718 1477 2751 ,
1526 2688 1717 2750 quem
1763 2665 2198 2750 Euthymenis
2244 2688 2526 2731 errorem
2570 2689 2702 2732 non
2740 2666 3082 2731 demirabi-

560 2777 669 2836 tur
718 2774 828 2859 qui
876 2773 1259 2857 meminerit,
1304 2796 1437 2837 non
1480 2773 1574 2837 ita
1619 2774 1827 2838 multo
1873 2777 2025 2858 post
2070 2772 2513 2838 Alexandrum
2547 2774 2859 2859 Magnum
2908 2773 3081 2837 idem

563 2880 962 2967 peccavisse3
1035 2903 1313 2966 namque
1379 2883 1684 2966 Νέαρχος
1758 2883 1831 2946 τὸ
1909 2882 2311 2965 ζητούμενον
2384 2884 2709 2967 πρότερον
2783 2880 2890 2946 ἐπὶ
2957 2891 3079 2946 τοῦ

562 2992 850 3071 Νείλου,
916 2992 1134 3054 πόθεν
1189 2989 1229 3072 ἡ
1286 2990 1621 3073 πλήρωσις
1677 2988 1919 3071 αὐτοῦ,
1977 2988 2319 3052 διδάσκειν
2375 2990 2501 3072 ἔφη
2558 2991 2715 3064 τοὺς
2756 2984 3080 3065 Ἰνδικοὺς

561 3095 920 3179 ποταμούς,
967 3095 1070 3160 ὅτι
1116 3093 1188 3160 ἐκ
1232 3106 1365 3159 τῶν
1411 3101 1708 3181 θερινῶν
1758 3099 2027 3183 ὄμβρων
2075 3098 2443 3180 συμβαίνει.
2520 3094 2957 3181 Ἀλέξανδρον
3005 3093 3065 3159 δ’

562 3200 637 3265 ἐν
683 3197 804 3286 μὲν
841 3211 933 3290 τῷ
960 3199 1252 3287 Ὑδάσπῃ
1287 3204 1757 3289 κροκοδείλους
1797 3205 2049 3287 ἰδόντα,
2097 3201 2170 3267 ἐν
2208 3197 2282 3292 δὲ
2320 3212 2409 3289 τῷ
2444 3196 2741 3288 Ἀκεσίνῃ
2779 3203 3078 3285 κυάμους

562 3310 996 3391 Αἰγυπτίους,
1045 3307 1396 3393 εὑρηκέναι
1438 3309 1624 3390 δόξαι
1661 3313 1778 3387 τὰς
1814 3321 1934 3377 τοῦ
1971 3313 2228 3376 Νείλου
2264 3311 2478 3393 πηγὰς
2515 3308 2625 3374 καὶ
2661 3311 3078 3394 παρασκευά-
3184 3346 3195 3353 -

564 3419 791 3494 ζεσθαι
840 3419 1080 3481 στόλον
1127 3418 1222 3492 εἰς
1266 3417 1390 3499 τὴν
1427 3421 1774 3501 Αἴγυπτον
1821 3419 1911 3495 ὡς
1947 3425 2036 3507 τῷ
2074 3424 2345 3503 ποταμῷ
2386 3417 2600 3502 τούτῳ
2639 3416 2828 3502 μέχρι
2868 3415 3076 3481 ἐκεῖσε

562 3526 1018 3607 πλευσόμενον
1072 3521 1181 3610 (cf.
1240 3521 1454 3589 Strab.
1499 3523 1625 3589 XV
1664 3530 1728 3609 1,
1769 3523 1911 3612 25);
1964 3546 2173 3609 neque
2228 3523 2355 3587 alio
2410 3522 2604 3587 nixus
2659 3523 3078 3587 fundamento

561 3626 876 3714 Iosephus
942 3628 1122 3712 (bell.
1178 3627 1313 3694 Iud.
1360 3627 1455 3693 I[[
1498 3632 1607 3714 10,
1646 3628 1718 3717 8)
1782 3630 1923 3699 Nili
1993 3633 2188 3716 caput
2252 3630 2321 3693 in
2377 3628 2755 3715 Caphernao
2809 3630 2953 3694 lacu
3010 3652 3079 3693 se

560 3736 1010 3822 recognovisse
1076 3736 1393 3823 gloriatus
1458 3741 1572 3802 est.
1675 3738 1837 3803 Cum
1899 3761 2051 3803 vero
2117 3741 2450 3822 praeterea
2514 3737 2590 3800 de
2645 3735 3080 3821 Euthymenis

562 3863 755 3926 opere
817 3842 914 3905 nil
975 3842 1168 3907 nobis
1232 3842 1618 3928 innotuerit,
1681 3843 1906 3930 negari
1974 3866 2124 3908 sane
2187 3843 2446 3929 nequit,
2510 3843 2686 3907 illius
2752 3843 3078 3908 doctrinae

561 3947 837 4034 vestigia
892 3949 1065 4033 apud
1122 3948 1452 4033 Scylacem
1508 3950 1899 4035 deprehendi
1952 3934 2158 4037 nulla,
2211 3950 2339 4016 nisi
2395 3951 2568 4034 quod
2623 3951 2691 4015 in
2745 3952 2872 4014 fine
2919 3951 3078 4015 haec

562 4054 928 4120 adiciuntur
963 4056 1188 4120 verba:
1235 4058 1508 4141 λέγουσι
1550 4057 1630 4123 δέ
1660 4082 1838 4135 τινες
1873 4060 2152 4134 τούτους
2186 4060 2344 4135 τοὺς
2380 4060 2719 4134 Αἰθίοπας
2754 4060 3078 4141 παρήκειν

562 4174 857 4246 συνεχῶς
911 4164 1260 4240 οἰκοῦντας
1314 4167 1407 4241 είς
1453 4171 1517 4229 A
1531 4171 1890 4248 ἴγυπτονε
1945 4164 2213 4228 eandem
2266 4164 2432 4229 hanc
2487 4163 2876 4229 sententiam
2931 4187 3078 4249 pro-

561 4269 769 4334 fessus
843 4273 980 4333 erat
1045 4268 1352 4354 Ephorus
1366 4322 1385 4357 ,
1459 4271 1570 4356 qui
1644 4274 1851 4336 totam
1925 4270 2257 4336 meridiem
2330 4272 2695 4337 habitatam
2767 4271 2922 4336 fecit
2990 4272 3075 4337 ab

559 4374 962 4461 Aethiopum
1011 4377 1278 4462 popu10,
1323 4377 1397 4455 ὃς
1443 4379 1632 4442 δοκεῖ
1669 4382 2093 4464 παρατείνειν
2134 4380 2262 4445 ἀπὸ
2302 4380 2645 4446 ἀνατολῶν
2682 4391 3078 4465 χειμερινῶν

743 4608 795 4678 1)
835 4606 903 4662 cf.
944 4606 1154 4676 Berger
1192 4607 1217 4660 I
1253 4625 1308 4677 p.
1348 4613 1464 4663 107.
