3467 5334
623 375 749 441 116
1714 374 1898 444 Caput
1933 371 2029 429 111.

801 539 1246 605 certissimum
1301 538 1575 622 denique
1624 542 1742 623 est,
1786 537 2321 622 Eratostheni,
2375 535 2658 622 principi
2705 534 2909 601 totius
2960 524 3131 605 vetess

618 669 763 712 rum
809 646 1272 733 geographiae,
1328 644 1666 711 Hannonis
1712 645 2040 729 periplum
2085 646 2577 710 fundamentum
2622 643 2942 727 extitisse,
3000 664 3128 727 quo

619 777 801 819 suam
856 754 933 817 de
994 753 1407 818 occidentalis
1460 753 1792 837 Libyanae
1852 775 2000 817 orae
2064 753 2274 839 figura
2329 752 2717 817 sententiam
2771 750 3096 816 stabiliret
3117 801 3133 832 ,

619 862 802 926 cuius
859 861 952 926 rei
1006 865 1390 948 argumenta
1444 864 1595 945 post
1649 861 2061 925 Mannertum
2114 858 2176 949 (I
2221 863 2263 926 2
2308 884 2375 944 p.
2410 857 2528 947 57)
2592 860 2801 924 denuo
2858 857 3136 923 contulit

617 967 943 1057 Berger1).
1006 966 1099 1032 At
1144 968 1281 1033 iure
1327 967 1654 1053 plerisque
1710 989 1933 1032 eorum
1985 989 2116 1032 non
2171 968 2450 1033 multum
2500 966 2736 1032 tribuit
2782 964 3133 1030 Goebelius

618 1099 681 1160 p.
724 1077 832 1159 18,
887 1097 1087 1140 unum
1140 1097 1292 1140 vero
1347 1075 1550 1139 habet
1596 1075 2049 1162 gravissimum
2094 1076 2375 1161 pondus,
2431 1074 2603 1159 quod
2647 1078 2866 1137 tamen
2911 1072 3132 1156 aptius

618 1183 780 1247 duco
839 1182 1008 1248 infra
1062 1205 1384 1247 enarrare:
1438 1206 1610 1248 nunc
1666 1183 1946 1248 sufficiat
1992 1184 2061 1248 in
2105 1182 2482 1248 memoriam
2525 1180 2753 1245 lectori
2799 1202 3132 1245 revocasse

618 1313 781 1375 quae
830 1291 906 1356 de
952 1289 1211 1355 Arriani
1259 1289 1605 1354 summaria
1650 1289 1962 1354 relatione
2011 1312 2204 1374 supra
2250 1290 2456 1354 fusius
2505 1288 2801 1373 exposui3
2852 1309 3132 1372 namque

620 1419 782 1482 quae
848 1398 985 1463 eius
1046 1396 1285 1462 Indicis
1349 1396 1763 1461 continentur
1826 1397 2263 1484 geographica
2324 1396 2745 1462 Eratostheni
2811 1394 3133 1459 reddenda

618 1527 782 1590 esse,
848 1505 1004 1589 quid
1058 1509 1183 1589 est,
1247 1526 1361 1568 cur
1422 1526 1745 1589 moneam,
1805 1527 1951 1569 cum
2005 1504 2146 1588 ipse
2209 1503 2427 1588 palam
2489 1526 2558 1569 se
2613 1527 2694 1569 ex
2748 1503 2863 1567 illo
2918 1506 3133 1566 totum

617 1611 895 1694 pendere
942 1613 1327 1696 profiteatur
1370 1611 1548 1676 hisce
1604 1610 1764 1700 (ind.
1813 1608 1913 1698 3):
1952 1607 2137 1695 Ἐμοὶ
2188 1608 2258 1675 δὲ
2292 1608 2776 1693 Ἐρατοσθένης
2823 1609 2859 1674 ὁ
2906 1612 3132 1695 Κυρη-

620 1728 809 1794 ναῖος
889 1722 1271 1804 πιστότερος
1350 1719 1559 1784 ἄλλου
1633 1721 1800 1784 ἔστω
1824 1769 1843 1801 ,
1919 1719 2021 1784 ὅτι
2094 1727 2215 1802 γῆς
2286 1719 2606 1802 περιόδου
2678 1716 2829 1803 πέρι
2901 1718 3133 1800 ἔμελεν

612 1820 1192 1911 Ἐρατοσθένεῑ2)ἳ

794 1930 888 1996 Ut
924 1936 1159 2016 autem,
1208 1930 1511 2014 quoniam
1558 1935 1853 2015 optatam
1898 1936 2138 1997 metam
2185 1930 2576 2016 contigimus
2623 1953 2838 2015 cursU,
2885 1929 3132 2015 requie·

616 2058 867 2102 scamus
931 2037 1295 2122 paullulum
1361 2041 1426 2101 et
1489 2038 1937 2125 respiciamus,
2001 2039 2067 2103 id
2131 2039 2542 2123 exploratum
2607 2042 2731 2123 est,
2791 2036 3131 2101 Hannonis

615 2143 943 2227 periplum
1024 2145 1272 2209 ultimis
1356 2144 1569 2229 quarti
1651 2146 1891 2210 saeculi
1963 2147 2149 2211 annis
2221 2146 2291 2210 in
2364 2144 2678 2210 Graecum
2751 2167 3131 2209 conversum

616 2273 976 2316 sermonem
1030 2251 1425 2338 geographis
1472 2252 1732 2317 Graecis
1787 2253 2173 2318 innotuisse:
2229 2253 2642 2317 collabuntur
2697 2274 2851 2339 ergo
2908 2273 3131 2316 eorum

615 2359 1000 2444 sententiae,
1048 2360 1157 2443 qui
1194 2359 1616 2443 Xenophonti
1662 2360 2101 2444 Lampsaceno
2148 2358 2344 2444 primi
2394 2358 2772 2442 interpretis
2818 2359 3130 2423 honorem

614 2465 944 2529 vindicant
954 2462 1008 2551 ³)
1053 2464 1157 2529 vel
1201 2463 1420 2549 Iubae,
1466 2465 1753 2530 alterius‘
1770 2465 2208 2530 Mauretaniae
2254 2465 2447 2551 regiS,
2492 2464 2759 2550 Libycis
2798 2463 3131 2550 Carthagi-

614 2569 858 2635 niensis
923 2595 1088 2657 opus
1151 2571 1436 2656 primum
1498 2571 1815 2637 insertum
1878 2571 2078 2636 fuisse
2143 2568 2614 2657 censuerunt4).
2718 2570 2915 2656 Spem
2977 2593 3131 2635 vero

614 2678 879 2765 faciunt,
924 2683 999 2743 ut
1046 2678 1451 2743 enucleemus
1459 2729 1477 2764 ,
1533 2678 1830 2763 quisnam
1876 2679 2126 2763 primus
2172 2678 2511 2743 Hannonis
2557 2679 2824 2743 titulum
2870 2678 3132 2744 Cartha-

615 2785 766 2872 gine
811 2787 1124 2852 latentem
1178 2786 1605 2872 indagaverit,
1672 2787 1797 2851 duo
1843 2786 1970 2852 loci
2027 2784 2461 2871 Straboniani‚
2510 2808 2784 2871 quorum
2829 2786 2993 2850 alter
3039 2785 3132 2849 in-

614 2893 872 2958 venitur
915 2893 1102 2960 XVII
1147 2896 1214 2979 3,
1261 2896 1301 2959 3
1349 2917 1413 2978 Ρ.
1461 2895 1590 2960 826
1613 2892 1688 2979 C,
1754 2892 1870 2958 ubi
1924 2893 2109 2958 haec:
2174 2898 2467 2959 Πλεῑστα
2523 2891 2596 2959 δὲ
2649 2893 2996 2977 πλάσματα
3049 2902 3131 2977 τῇ

618 3004 878 3085 Λιβυκῇ
916 3004 1206 3088 παραλίᾳ
1245 3011 1321 3086 τῇ
1370 3002 1552 3077 ἐκτὸς
1595 3003 2141 3087 προσεψεύσαντο
2188 3001 2260 3066 οἰ
2296 3011 2724 3085 συγγραφεῖς,
2774 3000 3130 3083 ἀρξάμενοι

618 3107 744 3173 ἀπὸ
790 3116 912 3173 τοῦ
952 3104 1235 3190 Ὀφέλλα
1279 3109 1622 3190 περίπλου.
1715 3106 1907 3171 Hunc
1953 3105 2363 3191 Ophellam
2418 3107 2575 3192 quin
2629 3112 2802 3172 recte
2856 3105 3132 3170 Mueller

615 3212 803 3302 (prol.
851 3238 914 3299 p.
952 3212 1197 3302 XXIV)
1255 3213 1693 3299 composuerit
1748 3237 1894 3279 cum
1952 3237 2027 3279 eo
2095 3214 2205 3300 qui
2261 3215 2435 3298 apud
2486 3214 2885 3280 Marcianum
2930 3212 3130 3277 Hera-

615 3321 891 3385 cleotam
937 3321 1118 3386 audit
1148 3320 1461 3399 Ἀπελλᾶς
1497 3326 1904 3408 Κυρηναῖος,
1955 3321 2059 3386 cui
2103 3325 2467 3407 περίπλους
2512 3331 2626 3405 τῆς
2664 3322 2845 3397 ἐκτὸς
2883 3321 3131 3385 θαλάτ-

617 3453 732 3512 της
796 3428 1136 3513 tribuitur,
1200 3429 1607 3494 dubitatione
1675 3433 1840 3514 puto
1896 3433 2107 3514 vacat3
2169 3450 2289 3492 nec
2342 3427 2557 3492 minus
2611 3427 2958 3492 verisimile
3014 3432 3133 3513 est,

799 3641 849 3710 1)
887 3641 1050 3695 Erat.
1087 3641 1162 3708 fr.
1199 3658 1255 3710 p.
1288 3647 1372 3696 93.
1411 3646 1531 3695 208.
1612 3641 1799 3696 Gesch.
1840 3643 1894 3696 d.
1933 3660 1996 3696 w.
2036 3641 2214 3697 Erdk.
2254 3641 2308 3696 d.
2351 3640 2448 3695 Gr.
2489 3641 2565 3694 111
2603 3657 2657 3709 p.
2688 3645 2772 3694 68.
2815 3646 2897 3697 73.

791 3732 846 3800 2)
886 3730 953 3785 cf.
993 3729 1222 3800 Berger,
1299 3731 1402 3784 Er.
1441 3731 1514 3798 fr.
1553 3748 1606 3799 p.
1638 3737 1724 3785 93.

792 3825 845 3887 3)
886 3819 956 3875 cf.
1005 3820 1193 3875 Osann
1239 3837 1292 3889 p.
1337 3825 1457 3877 541.
1525 3820 1632 3886 Qui
1670 3821 1983 3890 Xenophon
2022 3837 2132 3889 quo
2179 3823 2432 3889 tempore
2468 3816 2673 3872 vixerit
2717 3835 2845 3872 cum
2890 3835 2962 3872 ne
2999 3835 3130 3873 con-

612 3906 831 3962 iectura
886 3907 1116 3977 quidem
1168 3908 1305 3963 licet
1352 3926 1718 3978 assequamur
1760 3908 1850 3981 (cf.
1883 3909 2042 3965 Voss.
2081 3911 2147 3964 de
2181 3909 2309 3965 hist.
2349 3908 2542 3964 Graec.
2581 3906 2668 3962 ed.
2697 3907 2878 3964 West.
2916 3925 2969 3977 p.
3003 3909 3131 3978 510)

611 4027 682 4038 —
728 4013 860 4051 nam
906 4014 1050 4066 quae
1089 3996 1369 4053 Osannius
1415 3997 1679 4069 exposuit
1722 4001 1874 4053 stare
1919 4001 2206 4068 nequeunt
2241 4027 2336 4063 —‚
2383 3997 2506 4049 tum
2541 3995 2604 4050 in
2639 3998 2747 4051 hac
2795 3996 3130 4066 quaestione

612 4084 977 4141 diiudicanda
1030 4102 1369 4157 perparvum
1414 4087 1651 4143 interest
1698 4087 1867 4155 sch-03
1899 4088 2135 4142 etenim
2182 4086 2253 4139 de
2299 4086 2573 4141 Hannone
2619 4085 2704 4140 nil
2748 4087 2975 4141 omnino
3026 4085 3127 4142 ille

613 4174 875 4244 tradidit·
924 4175 1096 4230 immo
1142 4174 1335 4245 inepte
1374 4176 1622 4244 Solinus,
1670 4177 1769 4245 qui
1815 4177 2034 4246 saepius
2068 4174 2241 4229 Plinii
2285 4173 2461 4230 verba
2505 4178 2658 4231 recte
2705 4192 2968 4246 separare
3008 4194 3127 4232 non

610 4266 817 4334 valuit,
871 4264 1072 4321 tribuit
1116 4267 1500 4336 Lampsaceno
1550 4269 1627 4337 (p.
1667 4271 1799 4332 230,
1840 4271 1867 4319 1
1895 4282 2016 4334 sqq.
2047 4264 2144 4334 M.)
2210 4281 2356 4333 quae
2404 4282 2439 4319 a
2483 4264 2670 4320 Plinio
2718 4267 2790 4320 ad
2838 4282 2967 4321 eum
3012 4282 3128 4321 non

609 4355 926 4410 referuntur
962 4354 1062 4425 (VI
1090 4361 1173 4424 31,
1205 4359 1348 4445 200).

788 4446 845 4514 4)
884 4444 954 4501 cf.
990 4443 1173 4514 Peter,
1221 4446 1364 4500 Uber
1391 4446 1497 4499 den
1527 4444 1678 4500 Wert
1713 4446 1810 4499 der
1836 4444 2439 4512 hist.1s'chriftstellerei
2474 4461 2580 4500 von
2616 4445 2810 4515 Κόηίρ
2839 4445 2995 4500 Juba
3024 4446 3127 4500 II.

608 4550 717 4589 von
753 4533 1023 4590 Maureta
1051 4550 1242 4606 proqr.
1276 4536 1453 4589 Misn.
1495 4539 1630 4589 1879
1669 4552 1725 4604 p.
1756 4539 1789 4588 6
1827 4533 1953 4590 adn.
1985 4541 2036 4590 3.
2111 4534 2412 4604 Susemihl,
2452 4534 2638 4590 Gesch.
2667 4535 2722 4589 d.
2751 4534 2951 4604 yrieeh.
2981 4533 3125 4591 Lite.

609 4623 651 4678 i.
687 4623 738 4679 d.
778 4623 1295 4679 Alexandoinerzeit
1328 4622 1380 4676 II
1415 4640 1470 4692 p.
1509 4628 1614 4679 406
1654 4622 1780 4678 adn
1822 4628 1944 4679 337.
