3467 5334
669 419 911 487 Reliqua
948 419 1017 473 de
1054 420 1261 489 Libyae
1300 437 1399 475 ora
1435 420 1776 477 occidentali
1811 421 2084 475 memoria
2128 422 2557 492 (Ptolemaeus).
2779 422 2856 485 71

353 583 693 648 admodum
740 583 1105 667 probabilis
1153 585 1229 647 fit
1274 583 1571 648 Muelleri
1619 583 2004 668 coniectura,
2053 607 2179 668 qua
2225 583 2337 671 (ad
2382 586 2547 649 Ptol.
2594 609 2657 669 p.
2701 584 2860 672 733)

348 691 620 754 eundem
672 691 844 755 hunc
906 714 1247 756 numerum
1304 690 1560 756 CCXVI
1606 716 1687 756 m.
1735 715 1798 775 p.
1857 691 2071 755 Plinio
2138 691 2430 755 reddidit.
2523 691 2652 757 Cur
2706 716 2857 758 vero

347 801 696 881 postquam
741 798 863 863 hoc
910 798 1245 883 perspexit
1291 798 1565 863 Mueller
1609 803 1835 882 aperta
1873 799 2085 862 fronte
2127 820 2342 862 secum
2378 798 2519 882 ipse
2559 823 2857 886 pugnans

343 904 698 970 Ptolemaei
776 905 989 970 sinum
1062 907 1142 968 ad
1215 905 1741 990 promunturium
1815 906 2064 970 Barbas
2146 927 2349 988 usque
2424 907 2856 989 pertinentem

342 1011 596 1097 fecerit,
658 1034 790 1077 non
862 1012 1068 1096 liquet
1141 1016 1206 1077 et
1277 1012 1451 1078 haud
1525 1012 1811 1077 absimili
1884 1013 2073 1076 modo
2138 1035 2240 1076 me
2309 1013 2506 1098 fugit,
2582 1036 2903 1104 quanam,

340 1118 534 1183 nixus
618 1119 1106 1184 ratiocinatione
1180 1118 1534 1183 Ptolemaei
1610 1120 1907 1204 Στάχιρα
1978 1118 2301 1202 Pliniique
2374 1118 2628 1184 Salsum
2710 1143 2856 1184 cum

339 1226 652 1292 hodierno
707 1225 994 1309 Seneqale
1048 1225 1498 1309 composuerit.
1596 1225 1691 1311 Si,
1747 1230 1822 1289 ut
1876 1226 2177 1313 flagitant
2232 1226 2587 1291 Ptolemaei
2642 1231 2855 1313 notae,

339 1334 745 1418 aliquantum
791 1333 987 1417 spatii
1034 1332 1542 1418 progrediamur,
1589 1332 2001 1417 pervenimus
2047 1334 2115 1398 in
2162 1356 2303 1398 eam
2344 1334 2692 1421 regionem,
2739 1335 2853 1399 ubi

338 1465 564 1506 revera
619 1441 789 1505 inter
840 1439 1152 1505 hodierna
1205 1440 1657 1524 promunturia
1710 1441 1880 1523 Juby
1937 1445 2002 1505 et
2048 1442 2326 1524 Boja-dor
2383 1464 2494 1505 ora
2548 1464 2855 1527 magnum

337 1549 543 1613 efficit
580 1571 938 1632 curvamen,
985 1548 1167 1621 cuius
1204 1548 1492 1612 ambitus
1526 1572 1564 1612 a
1599 1548 1798 1613 Plinii
1836 1547 2321 1631 Ptolemaeique
2356 1549 2645 1614 numeris
2680 1550 2855 1614 haud
2940 1542 2943 1549 ’

335 1678 664 1740 quaquam
720 1654 1058 1739 discrepat.
1150 1654 1380 1739 Itaque
1436 1656 1653 1740 aliqua
1710 1658 1883 1720 certe
1939 1677 2086 1719 eum
2141 1655 2530 1719 confidentia
2585 1657 2856 1742 affirmO,

332 1764 454 1829 huc
527 1763 705 1828 sinus
767 1785 1004 1827 nomen
1066 1761 1455 1827 translatum
1519 1784 1656 1827 esse
1720 1786 1760 1825 a
1821 1762 2168 1827 veteribus.
2269 1761 2456 1828 Unde
2525 1762 2855 1848 concludo,

333 1869 591 1935 Salsum
644 1869 912 1934 fluvium
969 1869 1405 1954 quaerendum
1463 1892 1600 1934 esse
1662 1870 1730 1934 111
1787 1869 2098 1935 hodierno
2159 1869 2412 1935 Sakhiet
2465 1871 2518 1934 el
2568 1870 2817 1935 Hamra
2834 1893 2855 1934 .·

334 2001 495 2062 quae
571 1978 937 2043 observatio
1006 2000 1080 2042 eo
1145 1976 1380 2041 nititur
1445 1976 1863 2041 fundamento
1884 2029 1901 2062 ,
1976 1977 2149 2060 quod
2212 1976 2408 2041 Plinii
2473 1976 2725 2042 Salsum
2791 1982 2856 2041 et

330 2085 691 2149 Ptolemaei
739 2086 1036 2170 Στάχιρα
1094 2083 1572 2167 componendos
1629 2106 1766 2148 esse
1823 2084 1996 2149 felici
2055 2106 2180 2168 qua
2235 2084 2440 2168 pollet
2498 2083 2852 2169 sagacitate

332 2192 584 2257 detexit
639 2191 912 2257 Mueller
925 2189 1001 2279 ¹);
1058 2194 1331 2275 utraque
1387 2190 1558 2255 enim
1613 2213 1768 2255 voce
1825 2190 2020 2278 (quae
2079 2212 2204 2275 quo
2261 2190 2399 2254 iure
2453 2191 2648 2256 huius
2704 2214 2852 2256 orae

330 2299 713 2364 fluminibus
753 2300 1038 2385 indatur,
1086 2299 1374 2364 ostendit
1421 2298 1951 2376 Quedenfeldtius
1962 2296 2039 2385 2))
2096 2298 2265 2362 idem
2312 2298 2566 2363 videtur
2614 2298 2853 2384 signifi-

333 2408 492 2492 cari,
563 2408 815 2493 Στάχιρ
863 2410 1080 2473 autem
1128 2407 1248 2471 sub
1298 2406 1522 2471 eodem
1577 2408 1710 2471 fere
1771 2410 2139 2471 recensetur
2193 2405 2415 2491 gradU,
2463 2428 2589 2489 quo
2637 2405 2853 2489 ipsum

331 2514 512 2601 sinus
558 2518 769 2598 caput.
863 2514 1038 2591 Quae
1083 2536 1234 2579 vero
1283 2536 1518 2600 agmen
1563 2513 1869 2578 claudunt
1916 2513 2089 2598 apud
2133 2513 2416 2577 Plinium
2462 2536 2593 2577 non
2641 2513 2850 2578 solum

331 2620 647 2707 precaria,
712 2622 823 2687 sed
877 2622 1068 2706 plane
1125 2620 1382 2687 inutilia
1438 2624 1503 2686 et
1558 2621 1895 2686 abicienda
1951 2643 2113 2705 esse,
2169 2643 2393 2705 supra,
2450 2643 2666 2706 spem,
2722 2620 2847 2684 tibi

335 2752 648 2814 persuasl.

506 2908 682 2973 Bene
720 2908 835 2992 pol
879 2909 1123 2973 factum
1161 2930 1297 2972 esse
1337 2906 1405 2971 in
1442 2910 1626 2973 tanta
1662 2930 1877 2971 rerum
1915 2905 2257 2990 iniquitate
2296 2904 2535 2969 dixeris
2572 2906 2847 2970 forsitan

331 3016 505 3100 quod
540 3015 1029 3081 Ptolemaeus
1074 3014 1526 3080 laborantibus
1571 3014 1765 3080 nobis
1813 3037 2005 3098 opem
2048 3014 2230 3077 ferat.
2312 3010 2623 3077 Attamen
2669 3016 2742 3078 ut
2781 3017 2847 3077 et

334 3123 619 3188 breviter
666 3127 730 3188 et
776 3122 1060 3210 graviter
1108 3122 1331 3208 dicam,
1380 3122 1538 3187 adeo
1584 3146 1717 3187 non
1764 3122 1901 3186 eius
1949 3142 2147 3205 opera
2191 3124 2436 3184 certum
2473 3120 2844 3185 fundamen-

328 3235 468 3297 tum
518 3253 644 3316 quo
691 3234 836 3296 tuto
885 3230 1166 3294 confidas
1213 3233 1514 3313 paratum
1561 3233 1676 3312 est,
1721 3232 1797 3292 ut
1833 3227 2039 3292 multa
2077 3227 2277 3291 insint
2315 3227 2384 3291 in
2422 3226 2560 3290 eius
2597 3227 2843 3290 tabulis

327 3343 437 3405 aut
487 3363 525 3403 a
571 3337 1038 3424 probabilitate
1086 3337 1261 3401 omni
1308 3340 1420 3401 aut
1467 3336 1549 3400 ab
1598 3336 1743 3420 ipsa
1787 3334 2060 3400 veritate
2108 3333 2333 3398 aliena.
2417 3333 2516 3397 Ac
2559 3333 2843 3416 primum

327 3447 393 3511 in
451 3445 821 3511 universum
874 3445 1034 3510 haec
1088 3443 1530 3529 praemiserim
1543 3440 1623 3529 3):
1682 3464 1830 3506 cum
1879 3462 2100 3505 revera
2149 3463 2260 3506 ora
2305 3465 2343 3505 a
2389 3441 2842 3525 promunturio

327 3555 573 3638 Spartez
618 3574 820 3636 usque
868 3552 949 3616 ad
991 3552 1121 3635 Cap
1172 3553 1358 3616 Verde
1404 3574 1522 3635 per
1570 3552 1652 3615 12
1698 3547 2129 3634 longitudinis
2167 3548 2405 3634 gradus
2446 3548 2842 3613 occidentem

327 3683 550 3727 versus
595 3659 837 3745 tendat,
883 3658 1035 3724 hinc
1082 3659 1338 3722 demum
1384 3658 1466 3721 ad
1511 3656 1828 3721 orientem
1875 3679 1941 3720 se
1980 3660 2331 3738 convertat,
2379 3654 2447 3719 in
2484 3655 2842 3720 Ptolemaei

330 3767 760 3853 descriptione
807 3766 890 3831 ab
939 3766 1083 3850 ipso
1134 3766 1379 3848 Spartel
1425 3763 1878 3849 promunturio
1928 3763 2243 3829 orientem
2287 3784 2510 3827 versus
2558 3761 2843 3827 deflectit

329 3899 535 3961 neque
581 3880 799 3939 tamen
843 3873 1037 3960 longe
1084 3870 1324 3937 recedit
1374 3894 1412 3935 a
1459 3876 1634 3936 recto
1680 3871 1928 3935 itinere.
2011 3870 2239 3954 Neque
2285 3892 2437 3934 vero
2477 3869 2653 3934 solus
2692 3892 2840 3934 orae

330 4005 551 4049 cursus
611 4006 650 4046 a
702 3981 1074 4047 Ptolemaeo
1130 3979 1474 4044 falsissime
1531 3978 1916 4062 delineatur,
1982 3977 2094 4042 sed
2149 3977 2346 4041 etiam
2403 3975 2695 4062 singulae
2754 3977 2840 4040 di·

328 4090 609 4155 stantiae
647 4087 1092 4153 incredibilem
1128 4086 1197 4150 in
1233 4085 1496 4151 modum
1524 4085 1795 4150 vitiosae
1825 4086 1993 4148 sunt.
2057 4081 2276 4168 Atque
2314 4083 2667 4148 levioribus
2706 4084 2840 4169 qui·

331 4198 474 4262 dem
518 4195 768 4261 mendis
814 4193 1191 4279 inquinatur
1238 4216 1388 4258 orae
1425 4191 1896 4275 Mauretaniae,
1943 4213 2106 4276 quae
2144 4191 2409 4276 proprie
2449 4190 2699 4275 dicitur,
2738 4192 2838 4254 de-

329 4303 595 4439 lineatio
645 4302 763 4393 (ca.
802 4304 979 4367 4800
1025 4302 1232 4366 stadia
1270 4302 1444 4387 apud
1488 4301 1960 4366 Ptolemaeum.
2006 4302 2183 4366 4200
2228 4296 2477 4385 nobis),
2524 4298 2647 4362 etsi
2694 4320 2839 4364 cum

508 4503 562 4564 1)
604 4497 677 4550 ad
712 4495 861 4551 Ptol.
899 4495 978 4549 IV
1017 4504 1065 4565 6,
1105 4503 1136 4550 2
1176 4513 1229 4565 p.
1273 4500 1394 4551 733.

510 4589 566 4654 2)
603 4586 861 4642 Zeitschr.
900 4587 951 4640 d.
993 4586 1143 4641 Berl.
1182 4585 1302 4640 Ges,
1340 4586 1383 4651 f.
1423 4585 1590 4639 Erdk.
1635 4590 1769 4640 1887
1808 4602 1862 4654 p.
1893 4590 2012 4640 427.

504 4682 558 4746 3)
597 4674 667 4731 cf.
705 4674 942 4730 Mueller
980 4674 1052 4729 ad
1088 4673 1235 4729 Ptol.
1273 4672 1351 4727 IV
1381 4680 1431 4743 6,
1474 4680 1500 4727 1
1541 4691 1597 4743 p.
1629 4679 1730 4728 729
1753 4690 1873 4742 sqq.
