3467 5334
696 425 820 492 Qua
854 424 1074 481 ratione
1110 425 1401 479 Hannonis
1437 425 1662 480 libellus
1699 442 1735 479 a
1773 425 2141 495 scriptoribus
2178 427 2479 496 usurpatus
2517 426 2606 481 sit.
2782 411 2911 489 121⁹

404 611 661 654 necesse
692 594 790 654 est
828 611 1155 653 occurram
1181 587 1448 676 Bergeri
1487 588 1984 676 ratiocinationi,
2024 588 2134 675 qui
2149 587 2201 677 1>
2231 612 2308 655 ex
2337 588 2674 655 Hannonis
2700 612 2913 654 narra-

405 696 583 761 tione
628 695 923 760 fortassis
960 695 1184 760 deduci
1222 718 1412 780 posse
1449 695 1893 760 arbitrabatur
1932 719 2094 781 quae
2130 697 2621 763 Parmenides
2663 697 2913 781 primus

405 803 483 866 de
521 825 680 867 zona
708 802 917 866 media
952 804 1228 868 flammis
1257 808 1485 868 exusta
1514 808 1579 869 et
1616 807 1897 868 cremata
1934 803 2206 889 ideoque
2246 805 2665 870 inhabitabili
2693 808 2912 888 protu-

405 910 586 974 lerat.
671 907 869 973 Cuius
913 910 1202 975 doctrina
1240 909 1406 974 itaa
1440 894 1788 975 Posidonio
1838 910 2224 976 describitur
2265 911 2372 1000 (cf.
2412 911 2647 978 Strabo
2684 909 2748 975 H
2783 913 2844 994 2,
2873 912 2913 974 2

401 1039 464 1100 p.
514 1018 601 1081 94
623 1012 729 1102 C):
782 1014 957 1100 Φησὶ
1005 1017 1087 1101 δὴ
1135 1018 1171 1084 ὁ
1224 1019 1677 1095 Ποσειδώνιος
1721 1027 1837 1098 τῆς
1885 1021 1978 1095 εἰς
2031 1018 2221 1085 πέντε
2277 1022 2483 1099 ζώνας
2531 1017 2914 1101 διαιρέσεως

406 1122 697 1207 ἀρχηγὸν
726 1122 1041 1206 γενέσθαι
1072 1127 1537 1209 Παρμενίδην·
1576 1122 1717 1189 ἀλλ’
1755 1124 2012 1190 ἐκεῖνον
2043 1122 2165 1210 μὲν
2194 1128 2436 1212 σχεδόν
2462 1149 2526 1191 τι
2557 1128 2911 1191 διπλασίαν

411 1230 806 1315 ἀποφαίνειν
842 1231 917 1295 τὸ
954 1230 1200 1308 πλάτος
1244 1234 1365 1317 τὴν
1414 1232 1939 1317 διακεκαυμένην
1967 1242 2081 1318 τῆς
2118 1233 2359 1319 μεταξὺ
2386 1245 2521 1300 τῶν
2557 1243 2914 1319 τροπικῶν,

357 1357 364 1364 ·
407 1338 949 1420 ὑπερπίπτουσαν
996 1335 1323 1420 ἑκατέρων
1367 1351 1502 1404 τῶν
1546 1350 1879 1424 τροπικῶν
1926 1341 2020 1416 εἰς
2064 1341 2137 1405 τὸ
2194 1341 2377 1419 ἐκτὸς
2422 1339 2533 1406 καὶ
2569 1340 2735 1425 πρὸς
2770 1350 2914 1416 ταῖς

407 1446 766 1528 εὐκράτοις.
848 1443 985 1508 Iam
1029 1466 1180 1510 vero
1218 1445 1452 1510 Hanno
1498 1445 2172 1532 praeter-navigaverat
2219 1453 2458 1513 terram
2505 1449 2591 1513 ob
2639 1447 2916 1512 calorem

408 1552 820 1636 inaccessam3
866 1557 1291 1637 conspexerat
1329 1552 1574 1639 ignitos
1610 1553 1783 1618 rivos
1821 1558 1887 1618 et
1924 1555 2171 1619 caelum
2208 1555 2491 1639 plurimo
2529 1555 2681 1641 igne
2718 1558 2917 1619 noctu

406 1659 659 1724 ardens:
706 1658 856 1723 hinc
902 1637 1117 1745 igitur·
1150 1660 1598 1725 Parmenidem
1644 1682 1944 1725 exorsum
1997 1683 2133 1728 esse
2179 1661 2425 1748 Berger
2471 1661 2735 1727 censuit.
2826 1659 2918 1725 At

406 1766 462 1830 si
526 1787 721 1850 supra
774 1765 1112 1831 Hannonis
1168 1771 1446 1831 aetatem
1503 1772 1675 1832 recte
1731 1767 2210 1853 constituimus,
2274 1770 2595 1834 refutatur
2648 1767 2759 1832 ille
2813 1767 2918 1831 vel

405 1878 772 1958 temporum
799 1873 1066 1939 ratione.
1129 1874 1528 1957 Quamquam
1558 1873 1729 1938 enim
1756 1874 2159 1941 Parmenidis
2187 1875 2388 1940 vitam
2427 1874 2621 1940 certis
2653 1875 2917 1940 circum-

405 1980 685 2045 scribere
721 1979 962 2045 finibus
999 1981 1341 2046 admodum
1381 1981 1639 2045 difficile
1680 1985 1796 2066 est,
1845 1982 1995 2066 quia
2031 1989 2281 2048 veteres
2320 1982 2449 2067 ipsi
2485 1982 2751 2048 minime
2790 1981 2918 2046 sibi

406 2091 701 2153 constant
739 2086 846 2176 (cf.
884 2087 1074 2175 Diog.
1111 2088 1182 2153 L.
1220 2087 1311 2152 IX
1340 2090 1442 2154 23.
1497 2087 1685 2153 Plato
1723 2088 1933 2154 Parm.
1967 2091 2091 2156 127
2129 2088 2191 2154 A
2226 2089 2306 2175 F3
2363 2090 2623 2153 Theaet.
2676 2091 2802 2154 183
2832 2088 2918 2174 E3

407 2195 602 2279 Soph.
651 2194 879 2260 217G.
943 2195 1181 2261 Euseb.
1240 2196 1320 2259 ad
1376 2195 1472 2261 Ol.
1523 2199 1634 2282 80,
1679 2200 1750 2261 4:
1819 2196 2003 2282 Syno.
2053 2196 2282 2282 25403
2354 2195 2595 2261 Euseb.
2652 2194 2748 2259 Ol.
2806 2196 2919 2261 86:

405 2301 590 2387 Sync.
630 2304 757 2367 257
784 2299 892 2388 G),
946 2307 1165 2368 tamen
1220 2303 1287 2367 id
1344 2302 1632 2368 omnium
1690 2307 1788 2368 est
1850 2304 2416 2388 verisimillimum,
2471 2302 2705 2367 vixisse
2770 2325 2918 2367 eum

404 2410 537 2474 fere
601 2409 750 2473 inde
805 2410 888 2473 ab
954 2433 1121 2475 anno
1179 2411 1310 2476 515
1374 2433 1575 2495 usque
1640 2410 1721 2474 ad
1786 2410 2070 2475 medium
2125 2411 2450 2476 saeculum
2495 2410 2572 2476 V.
2631 2413 2696 2475 et
2752 2432 2919 2495 opus

405 2539 593 2581 suum
639 2516 925 2582 emisisse
973 2540 1061 2582 ca.
1110 2542 1276 2583 anno
1313 2521 1448 2584 470
1460 2515 1540 2605 2);
1584 2517 1813 2603 nequit
1859 2518 2064 2605 igitur
2107 2518 2468 2602 respexisse
2513 2516 2916 2582 Hannonem·

403 2623 632 2708 Neque
685 2624 1115 2688 necessarium
1172 2630 1269 2690 est
1324 2626 1404 2690 ad
1458 2624 1844 2690 Hannonem
1900 2626 2297 2713 refugiamus
2306 2677 2323 2710 ,
2387 2628 2461 2688 ut
2518 2624 2920 2690 Parmenidis

406 2730 803 2815 explicemus
868 2731 1250 2818 doctrinam3
1317 2732 1554 2796 etenim
1613 2735 1969 2816 potuerunt
2024 2733 2197 2798 haud
2254 2731 2447 2796 dubie
2494 2731 2919 2797 vetustissimi

404 2838 580 2902 illius
626 2837 765 2901 aevi
811 2839 1169 2924 geographi
1217 2839 1443 2905 Graeci
1491 2839 1545 2904 si
1590 2861 1722 2904 non
1768 2839 1850 2903 ab
1900 2839 2061 2925 aliis,
2108 2844 2176 2904 at
2224 2843 2395 2904 certe
2442 2839 2525 2904 ab
2570 2837 2920 2925 Aegyptiis

403 2943 609 3009 multa
681 2944 759 3009 de
832 2945 1234 3010 meridionali
1309 2946 1421 3011 illa
1493 2969 1654 3011 zona
1724 2950 1998 3031 propter
2059 2946 2334 3012 nimium
2401 2946 2562 3011 coeli
2627 2946 2920 3011 ardorem

404 3050 822 3115 inhabitabili
878 3052 1261 3138 comperire,
1316 3075 1461 3117 cum
1518 3053 1696 3136 ipsos
1743 3051 2224 3139 Aegyptiorum
2278 3052 2708 3139 philosophos
2754 3053 2920 3118 hanc

405 3158 792 3224 sententiam
863 3161 1190 3244 professos
1264 3182 1401 3225 esse
1476 3163 1755 3223 testetur
1826 3160 2149 3226 Diodorus
2212 3161 2245 3226 I
2297 3163 2414 3226 40:
2496 3165 2645 3225 Τῶν
2712 3159 2770 3226 δ’
2846 3159 2920 3226 ἐν

406 3265 677 3351 Μέμφει
724 3262 899 3344 τινὲς
936 3269 1332 3350 φιλοσόφων
1372 3265 1801 3352 ἐπεχείρησαν
1840 3270 2059 3332 αἰτίαν
2097 3267 2329 3351 φέρειν
2366 3278 2482 3353 τῆς
2517 3269 2914 3350 πληρώσεως

406 3371 518 3461 (sc.
565 3382 685 3440 τοῦ
731 3371 1017 3461 Νείλου)
1074 3374 1537 3457 ἀνεξέλεγκτον
1591 3379 1847 3458 μᾶλλον
1907 3373 1947 3458 ἢ
2000 3377 2332 3458 πιθανήν,
2388 3365 2429 3461 ᾖ
2476 3373 2714 3440 πολλοὶ
2742 3390 2920 3458 ’συγ-

405 3479 919 3547 κατατέθεινται.
994 3484 1448 3568 λιαιρούμενοι
1522 3482 1647 3564 γὰρ
1722 3481 1847 3564 τὴν
1919 3489 2047 3565 γῆν
2110 3484 2204 3558 εἰς
2267 3486 2417 3565 τρία
2480 3480 2645 3566 μέρη
2712 3480 2920 3566 φασὶν

410 3588 731 3672 ὑπάρχειν
786 3590 859 3654 ἓν
913 3584 1035 3672 μὲν
1085 3591 1159 3654 τὸ
1205 3590 1372 3655 κατὰ
1418 3589 1540 3673 τὴν
1586 3586 1911 3672 ἡμετέραν
1959 3588 2389 3674 οἰκουμένην,
2449 3589 2676 3674 ἕτερον
2725 3585 2798 3654 δὲ
2844 3590 2919 3654 τὸ

410 3698 669 3773 τούτοις
714 3707 853 3772 τοῖς
898 3698 1124 3773 τόποις
1170 3696 1658 3773 ἀντιπεπονθὸς
1702 3704 1846 3772 ταῖς
1894 3696 2113 3779 ὥραις,
2161 3698 2235 3760 τὸ
2285 3693 2358 3762 δὲ
2404 3699 2631 3778 τρίτον
2678 3694 2918 3779 μεταξὺ

409 3799 530 3886 μὲν
593 3809 862 3869 κεῖσθαι
924 3804 1208 3884 τούτων,
1277 3803 1597 3889 ὑπάρχειν
1662 3799 1736 3867 δὲ
1804 3804 1914 3867 διὰ
1980 3812 2198 3887 καῦμα
2265 3802 2596 3885 ἀοίκητον.
2700 3799 2920 3887 Atque

405 3909 693 3974 audierat
740 3908 899 3974 talia
935 3912 1107 3974 certe
1145 3932 1310 3981 cum,
1328 3907 1708 3997 Aegyptum
1747 3914 2123 3996 peragraret
2160 3909 2548 3994 HerodotuS,
2596 3908 2708 3994 qui
2744 3908 2808 3983 Π
2836 3912 2917 3976 31

408 4017 565 4082 haec
618 4016 877 4081 rettulit
927 4017 1004 4082 de
1049 4017 1233 4083 Nilo:
1287 4014 1510 4101 Μέχρι
1555 4015 1677 4100 μέν
1724 4041 1853 4081 νυν
1900 4015 2231 4100 τεσσέρων
2276 4026 2508 4100 μηνῶν
2554 4020 2766 4082 πλόου
2812 4015 2922 4081 καὶ

411 4124 577 4190 ὁδοῦ
649 4125 1046 4207 γινώσκεται
1118 4125 1154 4191 ὁ
1229 4126 1475 4199 Νεῖλος
1553 4122 1755 4204 πάρεξ
1829 4132 1950 4189 τοῦ
2028 4123 2100 4189 ἐν
2173 4124 2490 4211 Αἰγύπτῳ
2575 4108 2926 4207 ῥεύματος·

409 4241 718 4297 τοσοῦτοι
802 4233 927 4317 γὰρ
1012 4229 1532 4320 συμβαλλομένῳ
1607 4238 1808 4315 μῆνες
1881 4229 2302 4316 εὑρίσκονται
2374 4230 2925 4314 ἀναισιμούμενοι

590 4502 641 4565 1)
683 4497 868 4552 Gesch.
906 4499 960 4552 d.
997 4514 1064 4552 w.
1102 4497 1278 4553 Erdk.
1319 4497 1370 4552 d.
1411 4496 1509 4552 Gr.
1548 4496 1599 4550 11
1635 4514 1691 4566 p.
1721 4503 1807 4553 38.

409 4653 419 4661 .
587 4586 642 4654 2)
682 4586 752 4640 cf.
800 4583 1004 4654 Zeller,
1059 4585 1271 4641 Philas.
1323 4586 1377 4641 d.
1426 4585 1694 4640 Griechen
1738 4585 1764 4637 Ι
1807 4603 1860 4654 p.
1902 4591 2007 4642 508
2055 4587 2182 4642 adn.
2223 4591 2270 4641 1.
2354 4582 2920 4654 Ueberweg-Heinze,

414 4675 726 4743 Grundsriss
760 4678 815 4731 d.
854 4675 1039 4732 Gesch.
1079 4676 1132 4733 d.
1173 4676 1377 4732 Phctos.
1415 4677 1469 4730 d.
1509 4674 1741 4731 Alterth.
1781 4679 1811 4740 ς
1847 4680 1928 4729 19.
1966 4680 2027 4746 p?
2053 4682 2135 4732 65.
2267 4699 2277 4709 ·
