3467 5334
794 409 1037 480 Reliqua
1074 410 1143 477 de
1181 410 1394 480 Libyae
1433 428 1533 473 ora
1569 410 1910 467 occidentali
1947 410 2218 466 memoria
2253 411 2557 482 (Sebosus).
2840 412 2923 475 73

406 575 489 640 ad
525 575 905 641 hodiernam
934 577 1291 642 Madeiram
1306 573 1374 663 1).
1432 573 1539 640 Ab
1567 576 1689 641 hac
1718 578 1936 639 autem
1965 572 2176 640 insula
2202 573 2421 648 DCGL
2450 573 2657 663 (6000
2685 573 2924 662 stadia)

406 683 806 767 computavit
852 683 933 748 ad
978 705 1274 748 occasum
1320 705 1523 768 usque
1571 683 1652 747 ad
1695 682 2081 748 Pluvialiam
2120 682 2636 768 Caprariamque,
2681 705 2808 768 qua
2854 683 2921 747 in

405 813 477 855 re
516 791 715 877 vulgo
753 794 1010 856 nostrae
1049 790 1281 855 aetatis
1318 790 1441 856 viri
1478 790 1652 856 docti
1687 790 2065 856 Mannertus
2103 791 2194 879 (X
2230 793 2290 874 2,
2330 788 2509 877 625),
2544 789 2922 854 Lelewelius

408 896 505 985 (p.
552 895 727 984 137),
780 898 1101 984 Forbiger
1155 897 1247 986 (Π
1286 896 1445 985 890)
1501 898 1739 983 aliique
1794 898 2102 982 permulti
2157 920 2360 982 usque
2416 898 2497 963 ad
2541 897 2925 963 Muellerum

409 1004 524 1093 (ad
586 1005 751 1071 Ptol.
815 1029 877 1091 p.
927 1003 1084 1093 730)
1149 1005 1431 1089 turpiter
1494 1028 1739 1079 errasse
1806 1009 2067 1071 censent
2133 1005 2477 1071 Sebosum:
2540 1027 2693 1071 nam
2755 1005 2925 1072 inter

409 1114 773 1183 Madeiram
803 1116 869 1178 et
893 1111 1202 1179 Canarias
1230 1112 1476 1177 insulas
1502 1135 1637 1178 non
1663 1112 1855 1178 modo
1885 1112 2279 1179 intercedere
2309 1115 2439 1179 300
2458 1115 2715 1179 tantum
2742 1136 2824 1177 m.
2845 1137 2925 1198 p.‚

413 1220 527 1285 sed
590 1220 788 1286 etiam
848 1243 982 1285 non
1039 1221 1120 1285 ad
1184 1243 1503 1305 occasum,
1568 1219 1765 1285 immo
1831 1221 1912 1285 ad
1966 1221 2299 1289 meridiem
2355 1224 2695 1304 ortumque
2768 1221 2923 1285 solis

412 1329 729 1396 Canariae·
773 1327 921 1393 inde
967 1351 1007 1392 a
1050 1330 1346 1395 Madeira
1391 1327 1601 1393 insula
1646 1328 2041 1412 quaerendas
2089 1351 2253 1394 esse:
2301 1329 2404 1394 cui
2451 1327 2806 1420 sententiae
2855 1351 2922 1394 se

417 1434 667 1510 addixit
714 1434 936 1521 etiam,
983 1435 1094 1521 qui
1140 1437 1217 1501 de
1264 1436 1510 1501 Seboso
1558 1434 1953 1521 singularem
2001 1435 2610 1503 commentationem
2654 1435 2925 1502 inseruit

412 1542 682 1629 Bergkii
729 1546 794 1607 et
844 1541 1130 1608 Caesaris
1176 1544 1519 1608 annalibus
1566 1541 1889 1631 (Zeitschr.
1922 1544 1972 1625 f.
2007 1544 2465 1610 Alterthumsw.
2516 1545 2687 1609 1852
2731 1566 2826 1608 nr.
2867 1547 2925 1610 3.

410 1675 473 1735 p.
527 1652 606 1715 17
650 1647 819 1736 sqq.)
827 1701 845 1734 ,
916 1649 1396 1717 Hudemannus.
1499 1648 1591 1715 At
1662 1650 1854 1715 modo
1932 1672 2273 1735 sequamur
2339 1653 2632 1716 accurate
2697 1648 2926 1716 Sebosi

410 1763 618 1844 notaS,
666 1761 731 1822 et
769 1759 881 1821 aut
918 1777 1306 1843 magnopere
1349 1757 1539 1822 fallor
1577 1759 1689 1820 aut
1726 1755 2060 1843 continget
2095 1757 2307 1844 nobis,
2353 1761 2426 1822 ut
2463 1758 2546 1822 ab
2585 1757 2927 1824 immeritis

410 1864 841 1932 recentiorum
887 1864 1456 1953 obiurgationibus
1503 1886 1651 1929 eum
1697 1862 2131 1930 defendamus.
2214 1863 2284 1931 Si
2329 1864 2503 1930 enim
2548 1889 2586 1929 a
2628 1866 2927 1932 Madeira

412 1972 622 2041 insula
685 1971 961 2056 profecti
1027 1974 1201 2038 6000
1258 1971 1465 2036 stadia
1529 1972 1610 2036 ad
1665 1993 1961 2037 occasum
2016 1972 2422 2060 navigamus,
2485 1971 2673 2038 inviti
2730 1973 2924 2041 etiam

415 2080 787 2163 deducimur
832 2079 912 2144 ad
957 2079 1300 2144 hodiernas
1347 2080 1589 2146 Azoras
1633 2078 1878 2144 insulas
1924 2080 2043 2164 vel,
2098 2084 2172 2145 ut
2218 2080 2593 2167 diligentius
2638 2104 2776 2146 rem
2822 2104 2928 2146 ex-

417 2189 701 2274 planem,
765 2186 834 2251 in
890 2186 1046 2252 duas
1102 2187 1331 2253 saltem
1386 2209 1466 2252 ex
1522 2209 1742 2252 earum
1797 2209 2092 2275 numero,
2149 2210 2311 2271 quae
2357 2189 2700 2272 Europaeo
2747 2188 2928 2253 litori

422 2295 696 2361 maxime
745 2295 1291 2381 appropinquant,
1336 2299 1598 2360 vocatae
1643 2317 1815 2359 nunc
1861 2295 2062 2362 Santa
2109 2295 2336 2361 Maria
2382 2300 2447 2360 et
2495 2296 2630 2363 San
2669 2297 2933 2379 Miyuel:

419 2404 579 2470 Vide
642 2411 824 2468 vero'
860 2403 975 2490 sis,
1037 2425 1195 2471 num
1261 2424 1423 2488 quae
1486 2402 1822 2489 posuimus
1881 2402 2281 2490 argumentis
2336 2402 2592 2467 aliunde
2650 2403 2929 2487 sumptis

424 2534 728 2596 queamus
764 2512 1035 2576 firmare.
1117 2509 1335 2595 Atque
1371 2510 1653 2595 primum
1692 2509 1952 2594 quidem
1990 2510 2146 2594 quid
2184 2509 2287 2593 sit,
2327 2510 2499 2593 quod
2537 2509 2693 2575 duas
2730 2510 2928 2576 fuisse

420 2619 661 2685 insulas
707 2616 988 2687 Sebosus
1042 2618 1461 2704 renuntiavit,
1515 2617 1585 2682 in
1640 2618 1989 2702 propatulo
2048 2620 2170 2681 est:
2225 2616 2523 2681 videlicet
2568 2619 2929 2701 permultae

422 2726 566 2791 illae
621 2726 868 2791 insulae
924 2725 1107 2811 quasi
1162 2729 1393 2790 natura
1446 2724 1586 2809 ipsa
1641 2723 1711 2789 in
1755 2729 1888 2789 tres
1936 2724 2308 2789 dividuntur
2353 2726 2602 2810 partes,
2659 2748 2931 2808 quarum

422 2833 750 2899 orientalis
815 2833 1066 2898 duabus
1130 2832 1350 2917 eisque
1413 2830 1714 2897 maximis
1779 2830 2083 2897 efficitur:
2150 2830 2533 2915 ‘L'archipel
2596 2855 2663 2896 se
2730 2833 2930 2897 divise

422 2940 1088 3028 geographiquement
1135 2963 1215 3005 en
1260 2939 1421 3006 trois
1468 2962 1752 3026 groupes
1802 2939 1956 3003 bien
2002 2938 2323 3003 distincts:
2371 2938 2536 3002 celui
2585 2939 2661 3003 de
2707 2941 2848 3004 l'est
2895 2964 2932 3003 a

422 3049 484 3113 la
540 3048 689 3133 plus
743 3048 985 3134 grande
1042 3049 1317 3133 surface,
1377 3046 1687 3132 quoiqu’il
1744 3068 2128 3131 comprenne
2176 3045 2532 3112 seulement
2580 3047 2749 3112 deux
2794 3047 2932 3132 iles,

424 3154 821 3242 San-Miguel
859 3159 924 3219 et
962 3154 1408 3220 Santa-Maria’
1425 3152 1494 3242 2).
1575 3153 1862 3238 Accedit,
1911 3155 2083 3239 quod
2118 3154 2498 3241 Portugalli,
2538 3176 2683 3219 cum
2719 3154 2931 3220 medio

421 3264 551 3328 fere
618 3262 872 3328 saeculo
927 3262 1050 3328 XV
1115 3263 1195 3327 ad
1256 3263 1374 3327 has
1439 3261 1683 3328 insulas
1758 3261 2186 3346 appellerent,
2261 3261 2603 3326 orientales
2678 3265 2931 3327 tantum

424 3370 633 3455 primo
681 3373 1105 3455 reppererunt
1143 3370 1411 3456 impetn,
1459 3369 1884 3435 occidentales
1920 3369 2146 3434 multis
2182 3369 2439 3433 demum
2477 3368 2662 3434 annis
2700 3374 2851 3454 post
2864 3368 2934 3457 3).

424 3477 607 3555 Quod
671 3477 820 3542 dein
883 3477 1166 3544 Sebosus
1229 3478 1497 3543 alteram
1560 3477 1839 3543 insulam
1892 3476 2278 3542 Pluvialiam
2343 3467 2718 3563 appellavit,
2783 3478 2935 3562 quia

420 3608 587 3670 aqua
641 3584 738 3649 ibi
801 3608 935 3651 non
999 3589 1169 3651 esset
1221 3585 1348 3651 nisi
1405 3609 1486 3650 ex
1548 3585 1899 3670 imbribuS,
1963 3585 2030 3650 id
2085 3585 2331 3670 optime
2391 3585 2515 3649 dici
2572 3585 2649 3649 de
2708 3587 2934 3652 Azoris

420 3692 873 3777 planissimum
930 3693 1007 3758 fit
1064 3715 1142 3758 ex
1195 3693 1372 3758 hisce
1418 3692 1705 3758 Reclusii
1752 3692 1845 3781 (p.
1884 3691 2027 3780 27):
2082 3691 2238 3758 ‘Les
2294 3691 2532 3779 pluieS,
2587 3694 2934 3776 apportees

421 3823 542 3885 par
586 3801 681 3866 les
727 3800 968 3888 grands
1011 3804 1197 3865 vents
1263 3799 1660 3886 oceaniqueS,
1718 3803 1868 3865 sont
1922 3802 2056 3866 tres
2109 3800 2532 3884 abondanteS,
2588 3821 2671 3864 au
2725 3800 2936 3866 moins

423 3907 591 3973 deux
645 3907 772 3973 fois
826 3908 976 3992 plus
1024 3909 1168 3994 qu'a
1221 3907 1508 3996 Madere3
1563 3907 1612 3971 il
1665 3907 1850 3992 pleut
1897 3930 1977 3973 en
2022 3911 2203 3971 toute
2252 3906 2494 3991 saison,
2552 3912 2810 3973 surtout
2857 3931 2937 3973 en

421 4015 625 4100 hiver,
685 4037 840 4080 avec
885 4015 979 4080 les
1026 4019 1214 4081 vents
1270 4013 1539 4079 d'ouest'
1587 4036 1638 4078 e.
1687 4037 1747 4099 q.
1796 4038 1844 4079 s,
1927 4013 2154 4080 Altera
2189 4013 2402 4081 insula
2438 4016 2938 4101 nuncupabatur

427 4122 759 4207 Capraria:
816 4120 972 4206 quid
1026 4122 1081 4186 si
1135 4122 1329 4208 plane
1380 4121 1551 4187 idem
1595 4144 1834 4187 nomen
1879 4120 2121 4210 (insula
2165 4125 2238 4189 de
2284 4122 2581 4211 Cabrera)
2628 4147 2665 4187 a
2709 4124 2936 4189 Portu-

422 4228 616 4315 gallis
664 4227 787 4294 XV
842 4250 1001 4294 saec.
1028 4257 1035 4263 ·
1059 4228 1337 4294 inditum
1394 4233 1490 4295 est
1548 4229 1848 4296 orientali
1893 4230 2252 4298 Azorarum
2305 4230 2580 4317 insulae,
2638 4252 2801 4315 quae
2857 4253 2933 4295 eo

539 4549 542 4551 ,
606 4497 659 4565 1)
697 4494 766 4552 cf.
805 4495 1066 4549 Mannert
1101 4495 1153 4549 X
1181 4501 1233 4565 2,
1263 4500 1381 4550 625.
1457 4497 1728 4568 Forbiger
1769 4498 1818 4552 11
1847 4504 1967 4556 892.

604 4587 660 4654 2)
687 4585 769 4643 cf.
805 4582 1010 4639 Reclus
1046 4584 1151 4638 XII
1188 4604 1241 4655 p.
1271 4591 1357 4640 23.

607 4675 663 4744 3)
701 4672 770 4729 cf.
807 4671 1010 4729 Reclus
1048 4673 1151 4728 XII
1187 4694 1243 4745 p.
1277 4680 1363 4730 23.
