3467 5334
1313 417 1396 471 De
1432 415 1722 471 Hannonis
1760 415 1979 473 itinere.
2825 415 2906 479 61

400 580 608 645 libere
655 579 722 644 id
767 578 1161 645 concedant?
1226 578 1324 643 Eo
1372 580 1582 666 magis
1626 583 1844 645 autem
1872 600 2080 663 spero
2127 579 2381 644 veniam
2427 579 2630 665 dabis,
2676 579 2729 643 si
2788 579 2913 643 sin-

405 687 595 773 gulas
658 687 817 751 istas
880 686 1187 751 minutias
1195 738 1213 772 ,
1289 687 1526 772 quibus
1593 688 1866 772 quisque
1939 687 2104 750 hanc
2169 687 2617 752 difficultatem
2681 688 2911 751 tollere

403 795 640 881 studet,
677 817 809 859 non
844 795 908 857 in
942 816 1211 859 examen
1247 796 1491 859 vocabo
1507 791 1574 880 1).
1646 794 1878 859 Restat
1908 793 2386 880 gravissimum:
2424 794 2493 859 id
2529 794 2702 859 enim
2738 794 2913 858 salva

398 924 626 966 eorum
671 901 1053 967 auctoritate
1092 902 1516 987 quaesiverim
1563 924 1642 966 ex
1687 901 1895 966 nostri
1944 901 2179 966 saeculi
2226 901 2714 986 interpretibuS,
2762 922 2911 985 qua-

396 1032 553 1074 nam
598 1031 786 1073 causa
830 1008 1215 1074 Hannonem
1259 1015 1510 1075 motum
1557 1032 1694 1074 esse
1743 1009 2022 1094 credant,
2067 1017 2141 1073 ut
2184 1031 2386 1074 unum
2432 1009 2786 1073 alterumve
2833 1030 2911 1071 ex

398 1139 549 1181 orae
613 1117 984 1181 [severianae
1045 1116 1146 1181 vel
1204 1118 1641 1201 Seneyambiae
1702 1117 2026 1181 inferioris
2038 1114 2090 1203 2)
2157 1116 2628 1200 promunturiis
2691 1119 2911 1199 portu-

401 1225 607 1289 busve
643 1227 875 1290 Νότου
905 1221 1121 1306 Κέρας
1157 1223 1458 1288 vocaret?
1515 1223 1668 1289 Non
1707 1223 1957 1307 desunt,
2006 1223 2117 1307 qui
2165 1223 2398 1308 dicant,
2443 1223 2511 1288 in
2555 1223 2680 1287 hoc
2715 1221 2911 1286 maris

397 1334 611 1396 tractu
656 1330 893 1395 mutari
948 1331 1262 1394 fluctuum
1306 1330 1439 1394 vim
1494 1335 1689 1414 atque
1751 1330 2070 1413 impetum
2084 1328 2162 1417 ³):
2226 1335 2514 1396 attamen
2569 1330 2694 1394 1106
2748 1329 2915 1393 nihil

399 1460 539 1501 esse
586 1436 1092 1502 luculentissime
1138 1436 1581 1502 demonstrant
1628 1441 1936 1521 quattuor
1981 1436 2263 1521 tabulae,
2312 1460 2474 1521 quae
2514 1436 2916 1501 delineantur

397 1545 469 1608 in
541 1544 893 1609 clarissimo
966 1543 1080 1607 illo
1153 1543 1323 1607 libro
1408 1544 1519 1628 qui
1603 1542 1981 1607 inscribitur
2053 1540 2547 1624 Seyelhamdbuch
2613 1546 2727 1626 fiir
2796 1547 2913 1609 den

398 1652 806 1717 atlanti-sehon
865 1651 1092 1735 Ocean,
1157 1651 1627 1735 herausyeyeben
1693 1673 1813 1716 von
1876 1652 1984 1715 der
2040 1649 2370 1716 Direktion
2436 1653 2544 1716 der
2593 1651 2916 1716 deutschen

400 1758 701 1824 Seewarte
757 1758 930 1824 1885
985 1781 1048 1842 p.
1097 1759 1212 1822 24:
1276 1779 1426 1821 nam
1487 1758 1599 1842 qui
1655 1780 1693 1821 a
1757 1757 2209 1841 promunturio
2272 1757 2520 1840 Spartel
2583 1757 2913 1822 occiduam

396 1865 645 1949 Libyae
684 1887 862 1928 oram
900 1868 1281 1948 prosecutus
1319 1868 1455 1928 erat
1493 1887 1806 1950 aquarum
1841 1869 2111 1950 10116116,
2149 1886 2353 1948 prope
2393 1864 2915 1949 promunturium

410 1972 602 2037 Verde
655 1994 796 2035 eam
850 1970 1239 2054 derelinquit
1294 1970 1374 2033 ad
1438 1993 1734 2036 occasum
1782 1994 1850 2036 se
1897 1975 2276 2036 convertens
2285 2022 2303 2056 ,
2350 1994 2497 2036 cum
2542 1971 2916 2036 bracchium

402 2079 721 2164 quoddam
777 2079 915 2143 61116
969 2078 1223 2163 fluenti,
1280 2078 1451 2162 quod
1508 2078 1822 2143 orientem
1878 2079 2072 2162 petit,
2130 2078 2638 2162 septentrionem
2692 2100 2916 2143 versus

401 2186 762 2270 paullulum
817 2186 1165 2250 ascendens
1216 2184 1374 2257 litus
1435 2206 1638 2269 usque
1693 2185 1776 2249 ad
1838 2184 2221 2249 hodiernum
2272 2184 2404 2268 Cap
2451 2185 2716 2250 Palmas
2771 2207 2916 2249 con-

402 2290 758 2379 sectetur4).
849 2292 1163 2358 Nonnulli
1227 2314 1379 2356 vero
1446 2315 1522 2356 eo
1586 2290 1972 2377 procedunt,
2037 2295 2111 2355 ut
2165 2289 2325 2355 Noti
2375 2290 2622 2355 Cornus
2678 2313 2913 2356 nomen

400 2399 541 2462 ideo
582 2400 871 2465 excusari
910 2400 1281 2485 opinentur,
1330 2399 1503 2484 quod
1544 2399 1844 2465 Sherboro
1890 2399 2069 2463 sinus
2104 2398 2445 2462 Hannonis
2483 2397 2692 2462 insula
2728 2399 2912 2463 meri-

401 2504 571 2569 diem
614 2528 836 2571 versus
881 2506 1241 2571 claudatur:
1297 2505 1418 2570 ‘Le
1467 2528 1584 2590 cap
1633 2504 2110 2589 Sainte-Anne’,
2164 2505 2379 2590 inquit
2423 2505 2690 2571 Trevius
2735 2529 2798 2590 p.
2827 2509 2909 2572 41

402 2648 484 2658 —
532 2612 876 2699 ‘prolonges
913 2615 952 2677 a
987 2613 1217 2678 l'ouest
1263 2636 1382 2697 par
1428 2614 1522 2678 les
1567 2614 1688 2678 iles
1725 2614 2017 2699 TortueS,
2066 2613 2177 2697 qui
2216 2613 2576 2697 paraissent
2615 2635 2696 2677 en
2735 2613 2913 2677 avoir

407 2720 501 2782 616
550 2718 907 2805 (1616611666,
952 2719 1161 2784 11111116
1199 2742 1374 2784 assez
1419 2720 1743 2785 l'estuaire
1790 2720 1875 2784 du
1912 2719 2237 2785 Sherboro
2277 2720 2435 2785 dans
2473 2721 2534 2785 le
2573 2720 2710 2805 sud,
2747 2742 2914 2804 pour

401 2825 492 2888 lui
538 2826 721 2890 avoir
763 2827 994 2891 merite
1039 2826 1104 2890 la
1150 2826 1558 2913 designation
1605 2826 1682 2890 de
1731 2825 1936 2891 Corne
1986 2826 2071 2890 du
2109 2825 2292 2891 Sud'.
2374 2826 2709 2911 Plerisque
2753 2828 2914 2891 11666

401 2956 503 2997 166
539 2933 715 2998 601111
752 2933 1013 2998 omnino
1050 2955 1182 2998 non
1220 2938 1374 3019 erat,
1413 2956 1539 2998 uno
1580 2938 1873 3020 excepto,
1913 2933 2023 3018 qui
2063 2956 2139 2997 eo
2176 2933 2417 2998 maiore
2453 2934 2641 2998 laude
2679 2934 2915 3021 dignus

404 3044 517 3125 est,
565 3040 816 3104 etiamsi
863 3040 944 3103 ad
997 3062 1221 3104 verum
1264 3062 1395 3104 non
1442 3041 1738 3125 pervenit
1783 3042 2006 3105 finem:
2062 3040 2307 3105 scilicet
2351 3041 2613 3106 Robiou
2668 3042 2736 3107 in
2782 3043 2912 3127 epi—

402 3147 572 3212 stula
617 3147 698 3211 ad
733 3146 1010 3211 Merium
1056 3146 1206 3210 data
1243 3144 1351 3234 (cf.
1390 3170 1453 3231 p.
1488 3147 1613 3213 153
1652 3148 1795 3211 adn.
1830 3144 1898 3233 1)
1937 3146 2198 3230 scripsit
2236 3148 2315 3212 de
2351 3149 2472 3213 hac
2511 3149 2914 3234 quaestione:

400 3255 576 3319 ‘c'est
630 3276 754 3318 une
819 3253 1289 3319 consideration
1348 3253 1487 3339 qui,
1551 3253 1601 3316 il
1654 3253 1821 3317 m'en
1878 3252 2199 3337 souvient,
2263 3254 2519 3319 m'avait
2575 3255 2908 3339 beaucoup

400 3363 631 3446 frappe
686 3384 769 3426 en
827 3363 998 3427 1859
1065 3362 1280 3446 quand
1336 3363 1402 3446 je
1467 3360 1787 3447 redigeais
1838 3360 1900 3424 16
1964 3360 2194 3425 travail
2249 3360 2475 3445 publie
2540 3383 2668 3444 peu
2723 3364 2913 3446 apres

400 3468 557 3533 dans
619 3468 684 3533 16
745 3469 965 3533 Revue
1032 3468 1569 3555 archeologique'.
1673 3468 1901 3554 Itaque
1966 3491 2035 3532 re
2099 3468 2167 3532 in
2233 3491 2454 3534 omnes
2518 3473 2737 3553 partes
2803 3470 2913 3534 diu

397 3576 801 3660 multumque
839 3575 1238 3640 considerata
1276 3575 1549 3661 denique
1587 3576 1657 3640 in
1694 3598 1771 3640 eo
1804 3576 2090 3663 substiti,
2129 3580 2203 3640 ut
2230 3576 2675 3662 intellegerem
2702 3577 2805 3641 vel
2833 3581 2907 3641 ut

399 3682 751 3748 modestius
804 3682 1058 3767 loquar,
1122 3683 1281 3746 mihi
1336 3683 1587 3748 viderer
1641 3683 2043 3770 intellegere,
2097 3683 2483 3747 Hannonem
2536 3682 2713 3746 aliud
2767 3706 2912 3767 pro-

400 3790 801 3855 munturium
854 3793 1086 3856 Νότου
1131 3789 1350 3874 Κέρας
1403 3791 1733 3875 appellare
1797 3813 1929 3855 non
1995 3791 2284 3874 potuisse
2346 3789 2472 3854 nisi
2527 3788 2920 3856 hodiernum

400 3900 532 3983 Cap
577 3900 833 3965 Palma-5
843 3895 925 3985 5):
984 3897 1091 3962 hic
1137 3920 1249 3963 ora
1293 3897 1363 3961 in
1416 3897 1811 3962 contrarium
1866 3896 2416 3981 circumflectitur,
2459 3896 2567 3961 hic
2612 3919 2693 3962 ex
2739 3898 2912 3963 Han-

578 4132 631 4199 1)
668 4129 936 4200 Pei-legas
992 4129 1195 4199 quibus
1250 4127 1599 4198 argumentis
1659 4127 1806 4182 alius
1873 4127 2047 4183 alium
2102 4125 2401 4198 impugnet
2464 4129 2615 4199 apud
2669 4129 2907 4183 Mei-ium

402 4223 478 4290 (p.
512 4226 613 4275 152
635 4223 757 4290 sq),
796 4218 1129 4274 Goebelium
1166 4221 1241 4289 (p.
1274 4223 1383 4289 54),
1420 4217 1683 4274 Trevium
1721 4221 1798 4288 (p.
1831 4221 1942 4287 44).

578 4312 633 4379 2)
670 4309 818 4363 Nam
852 4311 955 4364 has
991 4310 1218 4364 tantum
1253 4309 1514 4377 regiones
1552 4307 1611 4362 in
1646 4307 1920 4363 iudicium
1958 4306 2149 4363 venire
2193 4324 2309 4362 non
2345 4309 2457 4376 est,
2496 4323 2594 4362 cur
2630 4322 2906 4362 moneam.

582 4400 637 4468 3)
677 4397 746 4453 cf.
786 4397 1027 4452 Rennell
1061 4415 1116 4468 p.
1147 4403 1269 4452 704.
1848 4442 1858 4451 .

581 4492 635 4555 4)
675 4486 744 4542 cf.
783 4485 937 4555 Jarz‚
976 4488 1065 4542 die
1102 4487 1471 4556 Strdmunyen
1505 4488 1583 4542 im
1617 4487 2150 4543 nord-atlantischen
2188 4486 2368 4543 Ocean
2407 4491 2543 4541 1877
2582 4503 2639 4555 p.
2671 4491 2754 4541 12.

581 4578 636 4646 5)
673 4575 740 4632 cf.
783 4574 854 4630 de
883 4575 1050 4630 huius
1077 4575 1451 4646 promunturii
1484 4574 1691 4630 vicinia
1719 4592 1846 4632 eam
1877 4576 2424 4644 commentationem,
2463 4591 2635 4643 quam
2664 4574 2905 4630 Schoen-

398 4664 606 4720 leinius
643 4665 881 4719 inseruit
915 4683 1044 4720 ann.
1082 4682 1187 4721 soc.
1225 4683 1403 4738 yeoyr.
1444 4666 1625 4720 Berol.
1664 4665 1776 4721 vol.
1817 4666 1882 4721 X.
