3467 5334
612 416 738 481 118
1189 394 1198 401 “
1704 413 1893 484 Caput
1925 411 2022 467 111.

609 577 1151 663 interpunctionis
1225 576 1412 664 signo
1489 575 1885 663 seiungenda
1951 576 2216 641 fluxisse
2282 598 2361 641 ex
2424 574 2726 661 Agrippa
2748 571 2836 660 ¹),
2911 576 3131 638 tamen

610 684 971 771 periculum
1015 707 1149 749 non
1196 688 1321 770 est,
1373 706 1456 748 ne
1503 684 1799 748 aberrem
1846 705 1884 747 a
1927 705 2107 768 vero,
2160 682 2215 747 si
2264 703 2427 766 quae
2474 680 2814 746 artissimis
2856 679 3132 745 vinculis

610 816 756 861 cum
811 791 943 858 illis
1000 790 1344 857 cohaerent
1401 791 1621 877 eisque
1677 791 1871 876 plane
1928 788 2345 873 conveniunt,
2405 789 2488 853 ab
2545 786 2846 874 Agrippa
2894 787 3134 851 'hausta

612 923 750 967 esse
806 921 888 964 ex
931 897 1210 983 Polybio
1263 898 1540 983 affirm03
1595 920 1747 963 nam
1793 896 1850 961 is
1896 895 2107 961 solum
2155 917 2230 959 ea
2277 916 2441 980 quae
2486 894 2909 981 flagitabatur
2955 915 3132 958 accu-

514 1038 522 1053 *
613 1007 862 1073 ratione
907 1004 1346 1070 Mauretaniae
1400 1004 1595 1068 litora
1651 1023 1947 1067 emensus
2004 1005 2167 1086 erat,
2222 1000 2316 1065 ita
2370 1005 2445 1066 ut
2498 1022 2630 1065 non
2683 1004 2926 1065 temere
2980 1000 3135 1065 hinc

614 1112 961 1198 suspiceris
969 1161 987 1197 ,
1048 1110 1335 1177 Plinium
1401 1110 1597 1175 etiam
1660 1109 1730 1175 in
1796 1108 1888 1174 eis
1956 1131 2119 1194 quae
2184 1108 2572 1174 antecedunt
2636 1106 2811 1172 notis
2869 1106 3136 1191 Polybii

610 1242 848 1287 nomen
895 1241 974 1284 ex
1009 1217 1312 1305 Agrippa
1357 1216 1807 1282 transtulisse·
1868 1214 2074 1281 Simul
2119 1237 2272 1281 vero
2320 1215 2388 1280 id
2425 1213 2741 1279 evincitur
2779 1236 2859 1279 ex
2897 1214 3139 1279 eisdem

612 1326 955 1411 Plinianis,
990 1324 1423 1413 Agrippam
1468 1324 1684 1408 ipsum
1731 1346 1894 1409 quae
1941 1323 2116 1407 apud
2151 1322 2504 1407 Polybium
2549 1342 2776 1386 manca
2821 1324 3004 1386 erant
3047 1357 3139 1368 ——-

618 1418 864 1502 scilicet
933 1433 1109 1498 -ultra
1183 1430 1757 1518 septentrionalem
1826 1429 2062 1494 deserti
2127 1431 2323 1494 finem
2387 1429 2498 1494 ille
2562 1451 2695 1493 non
2757 1450 3141 1515 progressus

624 1546 761 1608 erat
801 1580 884 1588 --
925 1540 1329 1625 supplevisse
1377 1562 1456 1604 ex
1504 1538 1597 1603 eis
1642 1535 2025 1622 posterioris
2071 1535 2303 1601 aetatis
2345 1535 2739 1620 auctoribus,
2786 1534 2897 1619 qui
2934 1536 3143 1601 multa

619 1648 917 1715 fabulosa
951 1647 1057 1712 his
1094 1646 1304 1732 terris,
1350 1645 1541 1711 sicuti
1585 1642 1968 1741 videbimus»,
2015 1643 2423 1708 affinxerunt.
2501 1642 2606 1708 Ex
2643 1640 3139 1708 Artemidoro

621 1760 839 1821 autem
890 1753 1001 1839 qui
1047 1757 1200 1838 post
1245 1752 1598 1837 Polybium
1645 1749 2241 1815 commemorandus
2285 1750 2464 1815 venit
2518 1772 2650 1815 non
2694 1749 2902 1814 multa
2946 1750 3142 1814 habe-

619 1852 780 1947 mus,
828 1882 991 1947 quae
1038 1860 1119 1925 ad
1165 1858 1627 1924 occidentalem
1671 1856 1921 1941 Libyae
1969 1878 2148 1921 oram
2194 1857 2544 1942 pertinent,
2585 1856 2682 1922 nil
2729 1861 2920 1942 certe,
2968 1858 3143 1941 quod

618 1967 963 2034 Hannonei
1019 1964 1259 2052 peripli
1311 1963 1615 2030 notitiam
1670 1962 1933 2048 prodat:
1987 1961 2186 2028 immo
2195 2015 2213 2049 ,
2279 1986 2426 2031 cum
2491 1964 2749 2049 saepius
2812 1964 3144 2049 vituperet

619 2074 1075 2141 Eratosthenis
1131 2072 1579 2138 credulitatem
1635 2069 1745 2158 (cf.
1796 2068 2031 2134 Strabo
2088 2092 2152 2153 p.
2192 2071 2339 2136 825.
2389 2073 2516 2138 829
2540 2069 2635 2158 O),
2692 2071 2830 2136 eius
2885 2095 3144 2157 quoque

622 2180 876 2248 animus
921 2180 1003 2244 ad
1048 2180 1478 2245 dubitandum
1523 2178 1723 2244 fuisse
1770 2176 2028 2241 videtur
2071 2177 2375 2261 paratior.

799 2287 1105 2373 Sequitur
1142 2285 1611 2353 Posidonius
1647 2283 2183 2371 Apameensis,
2230 2287 2341 2371 qui
2378 2309 2524 2352 cum
2563 2288 2639 2351 de
2674 2285 3005 2354 Nechonis
3040 2286 3146 2351 iti·

624 2420 777 2463 nere
825 2395 1183 2481 dubitaret,
1237 2395 1432 2460 fidem
1479 2392 1715 2460 tribuit
1761 2392 2036 2457 Eudoxo
2090 2391 2400 2478 Cyziceno
2449 2391 2557 2480 (cf.
2595 2392 2832 2459 Strabo
2877 2392 2941 2458 H
2987 2396 3057 2479 3,
3103 2395 3149 2459 4

627 2527 689 2588 p.
722 2505 805 2569 98
829 2502 878 2568 O
898 2499 1095 2588 sqq.);
1142 2501 1220 2566 de
1257 2500 1575 2566 Hannone
1610 2498 1868 2563 videtur
1912 2498 2207 2564 tacuisse.
2290 2499 2382 2565 At
2423 2523 2614 2584 quem
2651 2500 2842 2566 modo
2887 2500 3146 2565 laudavi

623 2610 992 2676 Eudoxus
1049 2629 1184 2702 non
1243 2607 1452 2673 solum
1510 2628 1696 2692 usne,
1758 2606 1871 2671 sed
1926 2607 2168 2673 abusus
2227 2612 2325 2673 est
2385 2605 2753 2673 foedissime
2805 2607 3147 2673 Hannonis

625 2715 910 2803 periplo:
959 2715 1094 2779 dixi
1139 2715 1270 2780 iam
1312 2738 1528 2800 supra,
1574 2736 1678 2779 me
1716 2736 1865 2779 eum
1913 2735 2059 2779 cum
2099 2713 2418 2780 Strabone
2466 2719 2840 2801 suspectum
2887 2716 3149 2780 habere.

623 2824 954 2891 Nimirum
991 2844 1138 2888 cum
1176 2844 1255 2887 ex
1293 2821 1711 2887 infructuosis
1748 2819 2096 2887 itineribus
2133 2823 2506 2888 revertisset
2543 2845 2744 2889 vanus
2785 2821 2896 2887 ille
2933 2823 3151 2905 hom0,

624 2954 708 2997 ne
746 2930 883 2995 sine
920 2929 1054 2994 ullo
1103 2951 1399 2994 successu
1448 2951 1522 2993 ea
1569 2927 1930 3012 suscepisse
1975 2927 2320 3015 videretur,
2366 2951 2533 3013 opus
2579 2928 2867 2993 condidit
2911 2928 3150 2993 mirum

628 3042 824 3123 atque
862 3035 1243 3121 inauditum,
1290 3058 1417 3121 quo
1454 3035 1550 3099 nil
1587 3035 1845 3121 agebat,
1880 3034 2009 3100 nisi
2045 3039 2120 3100 ut
2157 3034 2459 3100 mirificas
2487 3058 2609 3120 res,-
2645 3058 2822 3101 mera
2859 3039 3151 3100 monstra

630 3147 993 3228 enarraret3
1067 3146 1206 3208 erat
1223 3194 1240 3227 ,
1312 3146 1387 3207 ut
1450 3143 1829 3208 Mannertus
1892 3140 1954 3229 (I
1999 3144 2067 3227 2,
2113 3144 2231 3230 25)
2305 3146 2490 3207 acute
2564 3142 2729 3207 dixit
2795 3142 2960 3206 ‘eine
3024 3141 3153 3207 Art

628 3248 1139 3318 Robinsonade'!
1239 3249 1379 3316 Nos
1444 3253 1620 3315 certa
1682 3249 1913 3313 harum
1966 3249 2468 3316 hariolationum
2521 3248 2801 3335 vestigia
2853 3251 3152 3313 tenemus

633 3357 810 3443 apud
861 3355 1148 3422 Plinium
1214 3360 1279 3421 et
1332 3356 1598 3440 Melam,
1662 3355 1775 3440 qui
1840 3355 1978 3420 eius
2035 3378 2244 3443 nugas
2299 3357 2622 3441 accepisse
2676 3355 2979 3421 videntur
3033 3380 3154 3441 per

635 3462 1075 3529 Cornelium
1119 3462 1525 3548 Nepotem,
1574 3461 1685 3548 qui
1731 3460 2098 3527 avidissime
2144 3462 2359 3528 omnia
2407 3463 2700 3548 quamvis
2744 3462 3155 3529 incredibilia

634 3570 905 3637 credidit
979 3567 1088 3657 (cf.
1142 3568 1309 3635 Plin.
1354 3568 1418 3635 V
1467 3572 1531 3653 1,
1575 3566 1650 3655 4)
1661 3566 1734 3656 2).
1833 3567 1937 3632 Ex
2008 3567 2269 3653 Nepote
2343 3568 2516 3634 enim
2585 3569 2916 3634 fluxerunt
2988 3593 3155 3655 quae

632 3677 941 3744 Plinius
997 3676 1089 3766 (H
1135 3679 1240 3762 67,
1288 3674 1450 3764 169).
1503 3680 1569 3741 et
1620 3675 2091 3760 Pomponius
2154 3676 2353 3742 Mela
2424 3673 2547 3764 (HI
2594 3677 2695 3741 89.
2743 3678 2845 3742 90.
2893 3674 3010 3763 91)
3075 3677 3155 3741 de

634 3784 975 3850 Hannonis
1033 3788 1098 3849 et
1152 3783 1410 3849 Eudoxi
1464 3782 1990 3870 navigationibus
2048 3787 2312 3848 narrant
2375 3783 2560 3865 haec,
2629 3804 2791 3866 quae
2846 3782 3156 3846 Muellen-

633 3891 874 3957 hoffius
911 3914 992 3956 ne
1011 3914 1157 3956 uno
1208 3890 1466 3976 quidem
1511 3895 1894 3977 argumento
1942 3891 2139 3956 allato
2186 3890 2403 3956 reduci
2450 3887 2657 3954 voluit
2694 3889 2775 3953 ad
2809 3889 3153 3974 Ephorum

639 3996 701 4087 (I
746 4021 809 4083 p.
859 4000 944 4064 89
974 3996 1176 4086 adn.):

726 4176 899 4241 Mela
943 4174 1038 4243 HI
1074 4177 1364 4242 89—-912
1412 4175 1724 4241 ‘Dubium
1758 4174 1867 4238 ali-
1895 4173 1899 4293 ξ
2012 4173 2175 4238 Plin.
2204 4172 2267 4238 H
2288 4175 2391 4260 67,
2415 4177 2567 4241 168:
2599 4173 2773 4239 ‘Alio
2801 4176 3002 4239 latere
3032 4175 3152 4241 Ga-

642 4283 947 4369 quamdiu
997 4282 1123 4348 fuit
1171 4287 1421 4349 essetne
1468 4283 1640 4348 ultra
1695 4282 1898 4368 pola-1
1923 4280 2103 4346 dium
2139 4282 2222 4346 ab
2271 4281 2496 4348 eodem
2542 4281 2873 4348 occidente
2919 4305 3155 4369 magna

822 4479 876 4549 1)
911 4477 981 4534 cf.
1020 4476 1186 4533 Riese
1223 4494 1400 4550 yeoqr.
1440 4477 1535 4532 lat.
1572 4477 1705 4531 min.
1745 4494 1799 4546 p.
1839 4480 1873 4531 5
1909 4475 1976 4531 fr.
2009 4482 2093 4532 25.
2170 4474 2384 4531 Goebel
2419 4494 2476 4546 p.
2505 4482 2574 4531 20
2594 4492 2676 4544 sq.

819 4569 875 4635 2)
914 4564 986 4621 cf.
1042 4567 1106 4621 R.
1163 4564 1418 4634 flamen,
1472 4563 1584 4620 Die
1641 4563 2049 4636 Choroqraphie
2101 4567 2195 4622 dea
2253 4565 2595 4635 Pomponius
2649 4564 2829 4621 Mela.-
2888 4565 3153 4622 Fleckeis.

644 4672 776 4713 ann.
816 4660 916 4710 117
954 4672 1010 4727 p.
1039 4662 1144 4711 499
1164 4671 1246 4724 sq.
1322 4653 1537 4711 Goebel
1571 4673 1627 4726 p.
1656 4660 1743 4713 40.
