3467 5334
1192 368 1275 425 De
1311 367 1602 425 Hannonis
1637 365 1759 426 vita
1796 374 1854 426 et
1890 371 2092 427 aetate.
2810 368 2894 438 97

395 533 744 620 Sieglinius
788 533 888 599 vir
942 534 1365 619 doctissimUS,
1412 537 1638 619 aperta
1681 535 1895 599 fronte
1942 557 2159 600 secum
2204 542 2515 624 pugnant.
2596 537 2736 604 Nec
2782 538 2901 601 ulli

394 640 784 706 dubitationi
832 641 1187 706 obnoxium
1226 646 1341 725 est,
1389 643 1546 726 quin
1590 641 1953 706 Hecataeus
1989 641 2332 726 Erythiam
2369 643 2436 708 in
2474 648 2761 708 extremo
2801 666 2897 708 oc-

395 770 545 812 casu
576 748 987 834 quaesiverit3
1017 748 1219 812 altera
1248 748 1374 812 ista
1403 748 1624 832 opinio
1654 748 1879 835 ignota
1906 749 2236 814 veteribus
2265 751 2637 815 auctoribus
2667 755 2896 835 quarto

393 855 649 919 demum
688 856 940 920 saeculo
973 860 1126 920 nata
1156 858 1269 919 est.
1343 854 1670 921 Firmatur
1708 859 1924 920 autem
1961 856 2241 940 suspicio
2271 856 2398 920 alia
2426 880 2514 942 re,
2555 880 2716 942 quae
2748 881 2897 942 quo-

390 963 581 1027 modo
630 963 1009 1047 explicanda
1046 962 1132 1027 sit
1167 963 1512 1027 nemodum
1549 966 1721 1027 recte
1760 962 2089 1047 indicavit3
2143 963 2442 1028 videlicet
2488 964 2902 1030 continentur

392 1069 636 1133 scholio
666 1069 746 1132 ad
781 1068 905 1153 Ap.
943 1069 1064 1134 Rh.
1103 1068 1459 1155 Argonaut.
1496 1068 1591 1134 IV
1625 1093 1682 1134 v.
1722 1070 1852 1135 259
1892 1070 2256 1154 conscripto
2295 1071 2477 1137 haec:
2514 1067 2901 1158 Ἡρόδωρος

392 1175 468 1240 ἐν
512 1187 650 1253 τοῖς
689 1173 1160 1259 Ἀργοναύταις
1206 1176 1370 1260 φησὶ
1420 1179 1530 1242 διὰ
1575 1186 1690 1260 τῆς
1736 1177 1939 1261 αὐτῆς
1986 1177 2212 1243 ἐλθεῖν
2257 1180 2632 1263 θαλάσσης,
2681 1173 2767 1244 δι’
2820 1174 2901 1262 ἧς

390 1279 611 1367 ἦλθον
674 1284 769 1361 εἰς
830 1287 1153 1368 Κόλχους.
1242 1280 1583 1361 Ἑκαταῖος
1648 1279 1720 1348 δὲ
1787 1284 1823 1350 ὁ
1887 1286 2223 1367 Μιλήσιος
2287 1284 2358 1350 ἐκ
2419 1295 2540 1351 τοῦ
2606 1287 2901 1362 Φάσιδος

394 1389 693 1455 διελθεῖν
747 1393 841 1467 εἰς
892 1391 1012 1455 τὸν
1069 1391 1393 1474 ὠκεανόν,
1449 1385 1588 1456 εἶτα
1640 1390 1900 1456 ἐκεῖθεν
1947 1392 2041 1467 εἰς
2085 1392 2204 1455 τὸν
2251 1395 2534 1474 Νεῖλον,
2592 1392 2758 1458 ὅθεν
2805 1394 2900 1469 εἰς

393 1498 517 1579 τὴν
560 1496 885 1582 ἡμετέραν
931 1496 1298 1561 θάλασσαν.
1380 1500 1591 1562 Τοῦτο
1629 1492 1704 1561 δὲ
1743 1497 1777 1562 ὁ
1810 1494 2113 1580 Ἐφέσιος
2143 1495 2621 1583 Ἀρτεμίδωρος
2654 1500 2903 1577 ψεῦδός

394 1620 603 1686 φησιν
657 1599 857 1669 εἶναι·
912 1604 1030 1668 τὸν
1085 1606 1210 1686 γὰρ
1264 1607 1481 1670 Φᾶσιν
1537 1605 1624 1688 μὴ
1678 1603 2083 1689 συμβάλλειν
2136 1612 2226 1691 τῷ
2283 1605 2581 1692 ὠκεανῷ,
2639 1602 2783 1670 ἀλλ’
2838 1605 2902 1683 ἐξ

397 1708 607 1794 ὀρέων
643 1709 1134 1795 καταφέρεσθαι
1172 1708 1280 1797 (cf.
1319 1711 1395 1775 fr.
1425 1709 1702 1798 339M.).
1767 1710 2019 1788 Quibus
2056 1709 2247 1795 plane
2286 1711 2702 1776 adversantur
2741 1733 2904 1796 quae

392 1815 636 1906 ibidem
683 1818 1073 1882 adnotantur
1109 1817 1189 1880 ad
1224 1840 1282 1881 v.
1320 1820 1451 1883 284
1487 1818 1671 1883 haec:
1709 1815 2025 1894 τΗσίοδος
2064 1813 2137 1881 δὲ
2176 1818 2287 1882 διὰ
2330 1819 2626 1896 Φάσιδος
2663 1819 2905 1896 αὐτοὺς

394 1924 927 1990 εἰσπεπλευκέναι
974 1922 1088 2012 (sc.
1127 1926 1222 2001 εἰς
1266 1925 1390 2006 τὴν
1433 1922 1816 2011 θάλασσαν)
1860 1922 2054 2006 λέγει.
2129 1921 2467 2002 Ἑκαταῖος
2506 1922 2581 1991 δὲ
2618 1925 2905 2011 ἐλέγχων

392 2030 598 2096 αὐτὸν
647 2032 898 2114 ἱστορεῖ
937 2032 1026 2115 μὴ
1074 2030 1413 2096 ἐκδιδόναι
1458 2034 1553 2108 εἰς
1591 2032 1714 2113 τὴν
1754 2031 2106 2095 θάλασσαν
2144 2033 2264 2097 τὸν
2306 2035 2543 2114 Φᾶσιν,
2593 2030 2753 2097 οὐδὲ
2793 2034 2905 2097 διὰ

401 2138 730 2214 Τανάιδος
777 2140 1125 2222 ἔπλευσαν,
1176 2136 1341 2202 ἀλλὰ
1378 2139 1541 2204 κατὰ
1576 2139 1695 2203 τὸν
1739 2137 1943 2202 αὐτὸν
1990 2140 2208 2201 πλοῦν
2252 2136 2407 2204 καθ’
2463 2138 2542 2203 ὃν
2590 2138 2698 2204 καὶ
2743 2141 2903 2224 πρό-

392 2266 615 2328 τερον,
690 2246 778 2321 ὡς
849 2242 1046 2328 (καὶ)
1059 2244 1109 2329 1)
1178 2249 1534 2328 Σοφοκλῆς
1606 2243 1680 2308 ἐν
1748 2244 2077 2331 Σκύθαις
2120 2242 2383 2329 ἱστορεῖ.
2496 2244 2600 2309 Ex
2666 2244 2903 2328 quibus

390 2349 638 2434 laqueis
687 2351 1008 2434 quomodo
1058 2373 1196 2415 sese
1245 2350 1685 2435 expediverint
1731 2348 2081 2435 philologi,
2129 2349 2343 2433 placet
2390 2349 2905 2435 circumspicere:
3028 2339 3035 2347 ³

391 2457 681 2542 Mueller,
729 2458 840 2541 qui
878 2458 1161 2541 primum
1199 2459 1474 2523 alterum
1508 2457 1723 2521 locum
1761 2456 2133 2542 genuinum,
2176 2455 2450 2521 alterum
2489 2458 2905 2523 subditicium

390 2563 734 2647 habuerat,
788 2568 1015 2648 postea
1074 2565 1179 2647 (cf.
1237 2565 1313 2628 F.
1358 2567 1445 2629 H.
1489 2565 1602 2631 Gr.
1658 2562 1721 2627 H
1759 2560 1920 2649 389)
1976 2563 2214 2627 reiecta
2268 2563 2484 2647 priore
2541 2564 2906 2629 coniectura

392 2670 668 2735 alterum
712 2671 927 2736 locum
973 2670 1053 2734 ad
1088 2670 1482 2736 Hecataeum
1520 2670 1958 2735 Eretriensem
2003 2670 2327 2755 pertinere
2373 2672 2605 2756 voluit3
2654 2671 2904 2736 Clause-

390 2799 514 2841 nus
571 2774 682 2864 (ad
726 2778 801 2841 fr.
833 2774 1002 2863 187)
1056 2781 1168 2840 aut
1223 2777 1440 2861 ipsum
1484 2776 1882 2842 Hecataeum
1936 2780 2089 2860 post
2142 2777 2376 2841 itinera
2432 2780 2721 2845 confecta
2768 2801 2905 2843 sen-

391 2882 664 2947 tentiam
710 2884 1057 2949 mutavisse
1104 2884 1354 2949 censuit
1395 2889 1508 2949 aut
1547 2885 1624 2951 de
1663 2883 1987 2950 Hecataeo
2024 2881 2343 2948 Abderita
2379 2884 2568 2950 iussit
2607 2885 2906 2972 cogitari3

393 2988 505 3052 alii
559 2994 631 3054 ut
685 3013 805 3074 pro
852 2991 1174 3057 Hecataeo
1222 2991 1596 3057 Herodorus
1647 2991 2122 3074 restitueretur,
2176 2996 2684 3076 proposuerunt:
2742 3015 2904 3077 quae

394 3097 610 3161 omnia
674 3098 831 3163 satis
895 3103 1153 3163 strenue
1218 3099 1525 3163 refutavit
1580 3098 1936 3165 Hollander
1947 3095 2019 3184 ²).
2118 3097 2269 3182 Ipse
2332 3121 2482 3164 vero
2549 3122 2696 3165 cum
2752 3098 2905 3164 Gut-

392 3203 705 3268 schmidio
758 3204 1080 3269 lacunam*
1110 3206 1517 3270 statuendam
1577 3227 1713 3270 esse
1775 3204 2051 3289 censuit,
2099 3227 2292 3289 quam
2336 3205 2442 3270 hic
2495 3205 2588 3269 ita
2633 3206 2906 3271 iusserat

393 3310 665 3395 expleri,
721 3316 795 3375 ut
849 3311 1264 3387 scriberetur:
1312 3309 1650 3390 Ἑκαταῖος
1705 3308 1779 3377 δὲ
1827 3313 2076 3396 ἱστορεῖ
2119 3312 2207 3395 μὴ
2258 3310 2597 3381 ἐκδιδόναι
2642 3314 2738 3389 εἰς
2783 3312 2906 3396 τὴν
2980 3383 2987 3390 ,

395 3421 748 3484 θάλασσαν
783 3421 902 3484 τὸν
946 3423 1200 3504 Φᾶσιν,
1240 3415 1386 3485 οὐδ’
1440 3420 1530 3497 ὡς
1569 3421 1678 3485 διὰ
1725 3420 2052 3495 Τανάιδος
2099 3418 2424 3484 ἐπλευσαν
2462 3416 2647 3501 <ἀλλ’
2708 3420 2797 3496 ὡς
2836 3419 2907 3485 ἐκ

398 3533 520 3590 τοῦ
564 3525 857 3603 Φάσιδος
892 3528 987 3603 εἰς
1031 3527 1150 3591 τὸν
1187 3520 1502 3592 Ὠκεανὸν
1550 3528 1863 3610 διῆλθον·
1911 3527 1982 3591 οἰ
2015 3522 2089 3591 δὲ
2126 3526 2228 3590 ὅτι
2274 3523 2636 3609 οὐδετέρως
2682 3528 2910 3591 ἔπλευ-

400 3636 568 3715 σαν>
615 3632 780 3698 ἀλλὰ
826 3635 989 3697 κατὰ
1034 3633 1152 3697 τὸν
1209 3633 1412 3698 αὐτὸν
1455 3637 1670 3698 πλοῦν
1725 3629 1880 3697 καθ’
1935 3630 2016 3697 ὃν
2060 3630 2171 3698 καὶ
2216 3635 2566 3719 πρότερον,
2619 3631 2688 3694 id
2735 3633 2907 3716 quod

395 3738 626 3803 merito
701 3738 1031 3823 displicuit
1095 3742 1160 3802 et
1223 3738 1616 3803 Hollandero
1684 3739 1753 3821 (l.
1799 3737 1840 3802 l.
1896 3761 1959 3823 p.
2008 3736 2121 3824 21)
2189 3743 2254 3803 et
2315 3738 2599 3824 Bergero
2665 3737 2734 3826 (l.
2779 3739 2821 3804 l.
2876 3739 2908 3804 I

396 3867 459 3930 p.
498 3848 585 3913 20
630 3847 770 3911 adn.
808 3845 898 3932 4).
991 3846 1165 3924 Quae
1222 3846 1496 3930 denique
1541 3845 1899 3910 Hollander
1952 3845 2094 3929 ipse
2150 3845 2218 3909 in
2271 3844 2554 3909 medium
2603 3847 2907 3931 protulit:

387 3950 702 4030 ‘Hetoffog
757 3949 831 4018 δὲ
887 3954 998 4018 διὰ
1050 3954 1348 4030 Φάσιδος
1402 3954 1646 4029 αὐτοὺς
1703 3951 2244 4018 εἰσπεπλευκέναι
2290 3950 2482 4035 λέγει.
2568 3949 2908 4032 Ἑκαταῖος

400 4056 474 4124 δὲ
513 4060 734 4148 <αὐτῷ
778 4072 1145 4146 συμφωνεῖ,
1191 4057 1576 4143 προστιθεὶς
1613 4061 1724 4124 διὰ
1766 4063 2021 4126 Νείλου
2059 4061 2304 4137 αὐτοὺς
2340 4062 2435 4137 εἰς
2472 4061 2544 4124 τὸ
2582 4059 2903 4146 ἡμέτερον

398 4165 683 4251 πέλαγος
732 4165 1112 4253 ἀφικέσθαι.
1199 4166 1675 4255 Ἀρτεμίδωρος
1725 4163 1844 4253 δὲ)
1890 4166 2175 4252 ἐλέγχων
2222 4166 2428 4233 αὐτὸν
2477 4190 2527 4231 e.
2568 4190 2627 4251 q.
2665 4190 2713 4232 S.
2760 4188 2907 4233 cum

584 4436 636 4504 1)
672 4433 761 4489 Ita
786 4436 939 4488 recte
959 4430 1383 4488 Gutschmidius
1413 4432 1723 4502 supplevit:
1758 4434 1827 4487 cf.
1850 4434 1911 4486 K
1913 4434 2049 4488 leine
2076 4406 2352 4500 Schriften
2380 4431 2452 4486 ed
2478 4431 2663 4485 Ruehl
2690 4432 2715 4484 Ι
2743 4450 2796 4501 p.
2819 4437 2905 4486 56.

578 4525 633 4592 2)
669 4524 736 4579 de
762 4524 1030 4578 Hecataei
1061 4522 1278 4577 Milesii
1306 4521 1666 4590 descriptione
1695 4528 1870 4578 terrae
1898 4527 2101 4591 quaest.
2131 4523 2326 4578 critica
2357 4540 2410 4591 p.
2440 4525 2528 4576 20.
2567 4519 2639 4575 cf.
2669 4521 2907 4591 Roeper,

410 4601 555 4669 Uber
591 4614 767 4681 einiqe
803 4612 1191 4679 Semiststeller
1225 4612 1330 4666 mit
1364 4610 1583 4667 Namen
1619 4611 1938 4667 Hekataeus
1975 4613 2026 4665 11
2063 4629 2117 4680 p.
2157 4617 2241 4666 24.

514 4712 782 4766 Fischer,
810 4712 878 4751 De
906 4711 1149 4753 Hannonis
1179 4710 1332 4753 Carth.
1359 4710 1552 4762 periplo.
2452 4708 2479 4758 7
