3467 5334
653 397 778 465 Qua
812 396 1032 451 ratione
1067 393 1360 450 Hannonis
1395 392 1621 449 libellus
1658 410 1695 448 a
1730 391 2096 463 scriptoribus
2135 389 2439 460 usurpatus
2476 386 2569 444 sit.
2753 385 2881 449 129

353 584 419 647 p.
461 563 634 646 690,
672 563 777 627 43.
833 559 1100 643 Dionys.
1136 558 1276 623 Per.
1318 560 1373 623 1.
1439 558 1517 623 cf.
1561 557 1768 640 Bake,
1813 557 2020 622 Posid.
2067 557 2234 638 reliq.
2278 577 2342 638 p.
2385 551 2570 638 107),
2634 549 2888 635 pridem

354 671 849 754 perspexerunt
875 666 999 731 viri
1027 658 1200 733 docti
1212 663 1283 753 1)’,
1319 687 1528 750 neque
1567 687 1642 729 ea
1679 663 1939 749 quidem
1974 663 2045 727 in
2069 685 2140 726 re
2168 660 2530 743 adstipulor
2556 657 2889 742 MuellerO,
2946 715 2951 721 .

354 775 543 859 quod
592 772 857 863 (proleg).
904 797 967 858 p.
1003 771 1246 861 XXIII)
1292 771 1681 856 Dionysium
1728 771 1857 836 sibi
1904 770 2121 854 ipsum
2165 791 2298 832 non
2345 765 2735 850 constitisse,
2777 764 2893 828 sed

354 882 429 946 in
495 882 754 966 Libyae
819 881 950 945 oris
1012 879 1485 944 adumbrandis·
1543 877 1743 943 alium
1816 880 2110 942 secutum
2181 879 2513 939 auctorem
2582 870 2891 956 quadrata

354 989 663 1054 iunxisse
737 987 1031 1054 rotundis
1095 987 1442 1052 contendit.
1553 986 1727 1064 Quae
1793 984 2169 1061 coniectura
2224 1005 2370 1047 cum
2433 978 2891 1064 improbabilis

354 1097 467 1162 vel
513 1096 669 1161 ideo
715 1097 819 1178 fit,
865 1095 1016 1179 quia
1059 1116 1251 1158 nemo
1296 1093 1485 1158 facile
1531 1091 1788 1177 dixerit,
1845 1114 1958 1156 cur
2002 1090 2366 1176 periegetes
2432 1087 2544 1174 qui
2588 1086 2892 1170 Europae

355 1203 699 1286 Asiaeque
780 1202 1171 1266 lineamenta
1239 1181 1571 1265 Posidonii
1652 1199 1949 1285 vestigiis
2032 1197 2337 1262 insistens
2419 1194 2716 1280 depinxit
2816 1193 2892 1256 de

357 1310 623 1394 Libyae
671 1309 886 1393 specie
932 1308 1153 1374 subito
1200 1307 1431 1373 adierit
1477 1306 1889 1391 Strabonem,
1946 1309 2088 1371 tum
2140 1303 2375 1370 summi
2419 1300 2731 1367 momenti
2777 1303 2895 1385 est,

361 1417 548 1501 quod
616 1416 972 1501 Dionysius
1033 1416 1176 1500 ipse
1240 1415 1309 1479 in
1366 1414 1671 1498 Europae
1734 1414 1943 1478 forma
2007 1411 2384 1476 delineanda
2447 1409 2529 1473 ad
2592 1431 2667 1473 ea
2732 1428 2894 1491 quae

359 1528 564 1589 antea
615 1522 919 1608 exposuit
965 1523 1042 1586 de
1088 1522 1302 1605 Libya
1346 1524 1674 1606 provocat,
1720 1543 1868 1585 cum
1914 1519 2086 1584 dicat
2126 1518 2213 1608 (v.
2251 1520 2382 1584 269
2414 1514 2611 1605 sqq.):

707 1687 868 1768 Τοίη
916 1680 1039 1767 μὲν
1083 1683 1343 1767 Λιβύης
1390 1683 1615 1766 μορφὴ
1662 1679 1773 1746 καὶ
1819 1690 2035 1766 σχῆμα
2078 1679 2403 1746 τέτυκται·

700 1793 764 1856 εἰ
806 1789 881 1856 δὲ
926 1787 1036 1855 καὶ
1080 1790 1411 1874 Εὐρώπης
1457 1786 1709 1865 ἐθέλεις
1755 1788 1996 1871 τύπον,
2046 1788 2127 1853 οὔ
2173 1789 2245 1853 τί
2284 1803 2357 1852 σε
2402 1787 2639 1889 κεύσω.

701 1898 925 1973 Ωὐτὸς
970 1893 1094 1981 μὲν
1138 1897 1399 1979 Λιβύης
1446 1896 1696 1979 ῥυσμὸς
1741 1890 1954 1979 πέλει,
2000 1894 2168 1960 ἀλλὰ
2213 1889 2369 1979 μετ’,
2401 1894 2685 1976 ἄρκτους

701 2007 1088 2090 ἔστραπται,
1133 2000 1243 2068 καὶ
1287 2013 1469 2078 τοῖος
1515 2000 1615 2067 ἐπ’
1668 2001 1986 2087 ἆντολίην
2029 2002 2232 2066 πάλιν
2276 2000 2493 2088 ἕρπει,

702 2102 844 2187 οἶος
886 2109 996 2175 καὶ
1041 2113 1265 2194 νοτίης
1309 2109 1568 2193 Λιβύης
1614 2107 1720 2173 ἐπὶ
1765 2106 1969 2195 τέρμα
2013 2106 2321 2192 βέβηκεν·

702 2219 901 2303 ἄμφω
950 2215 1010 2282 δ’
1061 2213 1209 2282 ἴσον
1256 2216 1524 2302 ἔχουσιν
1571 2212 1668 2280 ἐπ’
1716 2210 1945 2280 Ἀσίὸα
1991 2219 2258 2280 νείατον
2305 2221 2515 2299 ἴχνος,

701 2325 742 2409 ἡ
789 2321 911 2409 μὲν
957 2325 1124 2410 πρὸς
1166 2322 1446 2408 βορέην,
1491 2323 1533 2407 ἡ
1582 2318 1646 2387 δ’
1689 2322 1758 2400 ἐς
1801 2324 2019 2388 νότον.

376 2502 798 2587 Dionysianis
870 2505 1111 2567 autem·
1160 2501 1456 2586 apprime
1519 2500 1911 2590 conveniunt
1976 2523 2138 2587 quae
2204 2500 2280 2564 de
2344 2499 2611 2584 Europa
2628 2496 2668 2585 ,’
2717 2497 2894 2586 Asia,

380 2609 597 2692 Libya
628 2609 935 2695 leguntur
970 2609 1144 2693 apud
1181 2608 1568 2674 Strabonem
1611 2606 1675 2674 H
1712 2610 1773 2694 5,
1810 2611 1893 2674 27
1924 2631 1987 2693 p.
2022 2611 2145 2673 127
2172 2606 2222 2672 O
2243 2630 2381 2691 sqq.
2421 2612 2487 2671 et
2522 2611 2657 2672 tam
2694 2607 2897 2672 mirus

391 2713 891 2799 deprehenditur
928 2738 1150 2780 eorum
1195 2720 1561 2801 concentus,
1605 2719 1680 2780 ut
1716 2738 1774 2780 v.
1817 2717 1947 2780 174
1992 2738 2132 2799 sqq.
2170 2711 2558 2779 Strabonem
2603 2715 2821 2799 ipsum
2859 2736 2897 2778 a

384 2821 700 2906 Dionysio
746 2822 1114 2887 adhibitum
1161 2844 1299 2887 esse
1346 2822 1670 2887 censuerit
1705 2821 2033 2887 Goetheus
2075 2820 2169 2910 (p.
2204 2824 2281 2888 17
2305 2819 2493 2908 sqq),
2537 2844 2670 2887 non
2705 2825 2896 2886 recte.

382 2915 589 2994 Immo
635 2952 717 2993 ex
762 2928 857 3009 eis
903 2952 1066 3013 quae
1113 2951 1312 3015 supra
1354 2929 1576 2994 monui
1623 2929 1928 3013 efficitur,
1982 2928 2051 2993 ni
2099 2929 2316 2994 omnia
2361 2952 2464 2994 me
2508 2930 2771 3015 fallunt,
2826 2929 2897 2993 in

385 3036 709 3100 communi
764 3036 1091 3101 exstitisse
1146 3036 1325 3101 fonte
1382 3059 1544 3121 quae
1600 3041 1889 3122 uterque¹
1923 3035 2253 3101 simillima
2297 3038 2596 3123 praebet,
2652 3036 2901 3101 scilicet

381 3143 731 3209 Posidonio
768 3142 1187 3228 Apameensi3
1233 3144 1315 3208 ad
1361 3167 1553 3228 quem
1590 3165 1733 3208 eam
1781 3166 2038 3228 quoque
2084 3144 2170 3208 ob
2211 3166 2470 3208 causam
2507 3144 2899 3229 deducimur,

386 3251 559 3334 quod
612 3252 819 3316 multa
872 3254 1209 3316 recurrunt
1264 3249 1461 3313 etiam
1514 3249 1584 3314 in
1626 3250 2279 3316 Pseudoaristotelico
2335 3251 2448 3315 illo
2502 3251 2736 3316 libello.
2787 3250 2899 3335 qui

385 3362 487 3422 est
530 3357 681 3443 περὶ
726 3361 982 3443 κόσμου
995 3356 1068 3445 ²),
1113 3358 1182 3422 in
1225 3379 1358 3441 quo
1402 3357 1609 3421 multa
1653 3357 1855 3422 latere
1890 3358 2323 3423 Posidoniana
2365 3381 2556 3424 nemo
2603 3363 2704 3424 est
2742 3358 2901 3443 quin

386 3464 566 3529 sciat.
647 3464 915 3529 Accedit
961 3465 1156 3531 tertia
1201 3486 1392 3528 causa
1437 3450 1639 3550 eaque
1681 3465 2087 3552 gravissima:
2133 3466 2441 3531 nimirum
2476 3466 2730 3531 collatis
2767 3466 2899 3531 sive
3006 3504 3013 3511 ·

387 3570 551 3653 ipsis
584 3570 915 3636 Posidonii
951 3571 1333 3659 fragmentis
1369 3571 1503 3637 sive
1542 3571 1634 3638 eis
1671 3569 2030 3659 Strabonis,
2074 3572 2365 3658 Diodori,
2409 3573 2684 3638 aliorum
2718 3572 2899 3661 lociS,

387 3676 504 3741 ubi
548 3676 967 3743 Posidonium
1012 3680 1219 3744 teneri
1266 3682 1440 3744 certa
1493 3702 1596 3744 res
1644 3684 1761 3768 est,
1805 3680 1980 3744 haud
2024 3702 2231 3764 pauca
2277 3702 2441 3766 quae
2487 3680 2902 3746 continentur

388 3783 838 3850 Straboniana,
872 3785 985 3850 illa
1037 3790 1246 3852 terrae
1300 3785 1731 3871 descriptione
1785 3788 1890 3852 vel
1942 3788 2147 3852 relata
2201 3787 2333 3855 iam
2385 3792 2538 3853 sunt
2594 3788 2676 3853 ad
2727 3786 2901 3873 Apa-

389 3913 710 3958 meensem
780 3894 1231 3981 geographum
1250 3891 1304 3981 3)
1375 3892 1480 3958 vel
1551 3893 1726 3957 facili
1789 3894 2058 3980 negotio
2122 3900 2397 3979 possunt
2459 3895 2704 3961 referri.
2806 3894 2903 3961 At

573 4106 628 4176 1)
663 4104 734 4161 cf.
764 4104 1001 4159 Mueller
1035 4123 1086 4175 9.
1123 4124 1204 4178 yr.
1235 4122 1305 4161 m.
1342 4104 1395 4159 II
1440 4123 1493 4174 p.
1525 4103 1708 4159 XXIII
1744 4123 1798 4174 p.
1836 4113 1955 4163 104.
1997 4113 2115 4164 117.
2189 4108 2575 4178 Muellenhoff‚
2613 4110 2687 4166 D.
2717 4109 2904 4164 Alter-

395 4195 622 4250 thwmsk.
660 4196 686 4248 I
721 4213 778 4264 p.
808 4199 912 4249 358
951 4195 1078 4247 adn.
1109 4201 1158 4250 2.
1235 4194 1469 4264 Goethe‚
1508 4195 1574 4250 de
1608 4195 1856 4262 fontibus
1893 4196 2163 4268 Dionysii
2200 4198 2511 4270 Perieqetae
2548 4219 2602 4269 p.
2635 4206 2664 4254 ’1
2689 4215 2812 4268 sqq.

568 4285 625 4353 2)
664 4283 735 4338 cf.
774 4283 1012 4354 Berger‚
1049 4283 1215 4338 Erat.
1252 4286 1454 4354 fragm.
1493 4303 1548 4355 p.
1577 4292 1700 4341 215.

567 4375 620 4442 3)
659 4372 729 4429 cf.
779 4371 1169 4440 Muellenboff,
1225 4372 1299 4427 D.
1350 4374 1741 4431 Alterthumsk.
1787 4375 1839 4428 II
1895 4394 1947 4446 p.
1988 4381 2090 4430 303
2114 4394 2260 4446 sqq.;
2318 4376 2505 4446 Euge,
2564 4378 2906 4446 quaestiones

391 4461 800 4518 Strabonianae
826 4480 881 4531 p.
916 4468 999 4518 12.
1030 4467 1112 4518 27.
1146 4466 1241 4526 293
1273 4459 1548 4528 Wilkens‚
1577 4464 1915 4530 quaestiones
1943 4467 2011 4520 de
2038 4464 2328 4520 Strabonis
2355 4465 2698 4536 aliorumque
2721 4451 2907 4522 rerum

389 4551 737 4607 Gallicarum
793 4558 1080 4607 auctorum
1133 4550 1383 4618 fontibus
1436 4568 1491 4620 p.
1530 4556 1623 4619 243
1684 4552 2117 4623 Zimmermann‚
2174 4554 2510 4611 Posidonius
2564 4575 2620 4612 n.
2677 4556 2906 4612 Strabo.-

269 4666 272 4669 ·
387 4640 580 4698 Herm.
617 4657 670 4696 v.
698 4638 883 4693 XXIII
918 4658 973 4711 p.
1008 4645 1110 4695 103
1132 4657 1271 4709 sqq„
1308 4638 1408 4694 ubi
1443 4656 1499 4709 p.
1529 4644 1629 4694 117
1650 4656 1732 4710 sq.
1772 4641 1843 4696 de
1879 4641 2007 4714 ipsa
2041 4644 2226 4715 Libya
2260 4642 2467 4715 agitur.

495 4740 769 4794 Fischer,
806 4740 874 4780 De
900 4740 1147 4781 Hannonis
1176 4739 1333 4781 Carth.
1362 4740 1554 4789 periplo.
2445 4741 2478 4793 9
