3467 5334
572 406 658 472 96
1684 404 1871 476 Caput
1906 405 1972 461 II.

573 570 857 637 Dielsius
873 568 923 659 1)
978 570 1140 636 mihi
1197 569 1520 656 persuasit
1587 592 1809 636 omnes
1864 569 2173 635 Hecataei
2234 568 2542 655 reliquias
2598 575 2783 636 extra
2838 569 3087 636 dubita-

574 679 819 744 tionem
866 681 1113 763 positas
1160 703 1315 745 esse.
1401 677 1526 744 Sed
1572 679 1768 765 digna
1815 684 1912 744 est
1957 679 2115 744 haec
2152 702 2272 763 reS‚
2321 702 2484 762 quae
2522 680 2792 745 seorsim
2830 679 3091 763 copiose

574 791 913 871 tractetur;
958 786 1150 851 hodie
1197 810 1398 851 unum
1445 789 1699 850 tantum
1744 808 1992 869 mone0‚
2041 786 2212 869 quod
2250 786 2533 850 breviter
2569 791 2788 870 potest
2836 786 3090 870 exponi.

573 894 901 959 Nimirum
947 894 1300 978 plurimum
1345 893 1542 980 vulgo
1598 894 1899 959 tribuunt
1952 894 2129 958 hisce
2183 893 2635 958 Eratosthenis
2691 893 2798 981 (cf.
2856 893 3092 958 Strabo

578 1000 610 1063 I
653 1003 707 1085 1,
751 1004 828 1065 11
880 1025 942 1085 p.
985 1005 1019 1066 7
1046 1000 1151 1088 C):
1198 1005 1315 1067 τὸν
1364 999 1438 1066 δὲ
1474 998 1823 1066 Ἑκαταῖον
1868 1006 2253 1065 καταλιπεῖν
2297 1001 2596 1085 γράμμα,
2643 1002 3091 1084 πιστούμενον

578 1109 837 1172 ἐκείνου
883 1103 1056 1173 εἶναι
1105 1109 1176 1174 ἐκ
1221 1118 1335 1192 τῆς
1382 1110 1581 1191 ἄλλης
1630 1108 1838 1173 αὐτοῦ
1885 1105 2227 1195 γραφῆςῗ).
2309 1106 2638 1172 Probatur
2675 1108 2836 1172 mihi
2882 1107 3093 1191 Lipsii

577 1214 946 1279 coniectura
959 1213 1037 1302 3),
1092 1215 1596 1280 Eratosthenem
1652 1214 1990 1301 collegisse
2046 1220 2111 1279 et
2168 1239 2247 1279 ex
2304 1214 2554 1280 dicendi
2609 1238 2844 1302 genere
2901 1220 2966 1279 et
3013 1238 3094 1279 ex

577 1322 738 1405 ipsis
787 1322 982 1385 rebus
1030 1322 1375 1409 diligenter
1422 1321 1895 1409 comparatis⁴)‚
1941 1323 2280 1407 periodum
2327 1345 2465 1387 esse
2510 1345 2645 1387 non
2689 1323 2853 1386 alius
2900 1326 3094 1405 atque

581 1429 1108 1514 genealogiarum
1179 1430 1385 1495 libros
1450 1429 1767 1495 auctoris:
1842 1429 1971 1494 iam
2034 1454 2185 1496 vero
2253 1430 2630 1496 certissimis
2695 1429 3096 1517 argumentis

581 1535 845 1619 eruitur,
892 1537 1009 1601 has
1046 1538 1222 1621 ipsas
1270 1536 1684 1624 genealogias
1730 1560 1864 1602 non
1912 1538 2130 1602 deberi
2168 1537 2492 1602 Hecataeo
2530 1537 2801 1602 Milesio.
2860 1536 3098 1601 Causas

578 1666 658 1706 ex
732 1644 927 1707 rebus
1001 1645 1456 1731 geographicis
1531 1649 1823 1728 repetam
1840 1642 1909 1729 5).
2028 1644 2280 1708 Fabula
2353 1648 2451 1708 est
2524 1667 2561 1707 a
2633 1644 2889 1708 nemine
2963 1644 3097 1707 fere

577 1755 867 1814 veterum
912 1773 1044 1815 non
1092 1751 1445 1835 decantata,
1494 1751 1900 1836 Geryoneum
1937 1751 2282 1835 Erythiam
2328 1751 2606 1815 insulam
2647 1751 2977 1815 habitasse
3017 1773 3097 1814 ex

577 1858 841 1922 adverso
909 1857 1182 1923 Gadium
1256 1860 1335 1922 ad
1410 1864 1773 1923 extremum
1848 1881 2143 1924 occasum
2217 1858 2408 1922 sitam
2482 1857 2589 1945 (cf.
2658 1858 2927 1923 Stesich.
2994 1881 3096 1941 ap.

579 1964 702 2028 Str.
764 1962 856 2027 ΙΠ
906 1967 1050 2030 148.
1126 1966 1279 2030 Hdt.
1335 1965 1428 2031 IV
1478 1969 1534 2031 8.
1610 1966 1780 2050 Eph.
1838 1965 2002 2030 Phil.
2060 1989 2161 2049 ap.
2217 1964 2381 2029 Plin.
2437 1964 2535 2030 IV
2587 1962 2839 2051 120)⁶)‚
2905 1987 3098 2049 quam

581 2070 968 2135 sententiam
1026 2072 1390 2137 Hecataeus
1457 2095 1713 2156 quoque
1779 2073 2118 2156 amplexus
2185 2095 2323 2136 esse
2388 2072 2676 2157 videtur,
2741 2095 2887 2136 cum
2952 2095 3100 2137 eum

579 2182 836 2243 secutus
875 2177 1242 2264 Stephanus
1281 2180 1634 2264 Byzantius
1675 2203 1718 2243 s,
1759 2204 1814 2244 v.
1855 2181 2096 2263 Μοτύη
2136 2178 2244 2266 (cf.
2282 2179 2357 2243 fr.
2390 2181 2474 2243 47
2488 2176 2605 2265 M.)
2641 2180 2807 2243 hanc
2844 2179 3101 2244 Siciliae

579 2286 809 2349 urbem
855 2308 1091 2351 nomen
1138 2287 1464 2372 accepisse
1512 2290 1790 2351 testetur
1836 2286 1962 2352 ἀπὸ
2003 2288 2283 2370 Μοτύης
2328 2288 2665 2369 γυναικός,
2712 2288 3101 2371 μηνυσάσης

568 2392 891 2476 (Ηρακλεῖ
957 2398 1114 2471 τοὺς
1180 2394 1545 2468 ἐλάσαντας
1609 2396 1766 2468 τοὺς
1831 2392 2038 2458 αὐτοῦ
2103 2396 2301 2477 βοῢςς
2376 2391 2615 2456 etenim
2681 2393 2750 2457 in
2816 2393 3102 2458 Siciliam

580 2499 915 2583 pervenire
971 2502 1225 2563 tantum
1284 2500 1502 2583 potuit
1548 2498 1861 2562 Hercules
1914 2520 2206 2562 reversus
2263 2498 2344 2561 ab
2392 2496 2691 2562 Herculis
2749 2498 3099 2565 Columnis,

580 2605 670 2670 At
710 2607 1029 2691 quomodo
1069 2607 1189 2671 hac
1220 2630 1365 2671 cum
1395 2630 1462 2671 re
1492 2594 1917 2671 conciliantur
1947 2627 2111 2689 quae
2140 2603 2454 2669 Arrianus
2483 2604 2657 2694 (exp.
2686 2605 2871 2671 Alex.
2900 2606 2963 2671 H
2991 2611 3105 2691 163

586 2715 663 2777 cf.
712 2715 787 2777 fr.
828 2716 954 2779 349
967 2712 1083 2800 M.)
1139 2715 1367 2780 tradit:
1412 2712 1758 2790 Ἑκαταῖος
1816 2713 1851 2778 ὁ
1908 2714 2260 2795 λογοποιὸς
2306 2712 2483 2795 λέγει
2531 2710 2691 2778 οὐδὲ
2737 2713 2843 2779 ἐπὶ
2889 2718 3100 2797 νῆσόν

581 2845 732 2886 τινα
762 2816 1119 2905 Ἐρύθειαν
1165 2822 1287 2900 ἔξω
1332 2832 1448 2907 τῆς
1485 2822 1774 2905 μεγάλης
1810 2820 2146 2903 θαλάττης
2183 2823 2503 2904 σταλῆναι
2531 2818 2887 2907 Ἡρακλέα·
2935 2822 3102 2887 ἀλλὰ

584 2937 698 3011 τῆς
743 2928 1021 3013 ἠπείρου
1066 2938 1182 3012 τῆς
1227 2929 1378 3015 περὶ
1408 2928 1817 3015 Ἀμβρακίαν
1861 2949 1932 2992 τε
1978 2925 2088 2991 καὶ
2121 2923 2563 3012 Ἀμφιλόχους
2608 2928 2883 3011 βασιλέα
2922 2929 3100 3013 γενέ-

590 3042 757 3100 σθαι
806 3039 1160 3120 Γηρυόνην
1206 3035 1317 3101 καὶ
1364 3036 1435 3102 ἐκ
1480 3044 1597 3119 τῆς
1642 3035 1924 3118 ἠπείρου
1968 3034 2211 3117 ταύτης
2259 3033 2581 3099 ἀπελάσαι
2616 3032 2945 3123 “Ηρακλέα
2989 3040 3108 3116 τὰς
3182 3060 3187 3061 ’

587 3146 752 3226 βοῦς
835 3138 994 3206 οὐδὲ
1068 3152 1310 3208 τοῦτον
1383 3148 1645 3229 φαῦλον
1718 3137 1937 3208 ἆθλον
2001 3140 2412 3226 τιθέμενονῖ
2524 3142 2729 3207 Causa
2801 3166 2914 3208 cur
2976 3146 3104 3211 huc

587 3248 995 3333 Geryoneum
1049 3254 1549 3334 transponerent
1615 3273 1689 3314 ea
1747 3254 1909 3334 erat,
1969 3250 2141 3333 quod
2186 3248 2608 3332 pulcherrimi
2654 3250 2723 3314 in
2767 3250 2888 3316 hac
2933 3257 3108 3317 terra

587 3357 1081 3421 inveniebantur
1119 3359 1318 3422 boves
1357 3356 1464 3444 (cf.
1496 3357 1668 3422 Suid.
1700 3380 1747 3421 s.
1777 3379 1833 3420 v.
1872 3355 2135 3440 λαρινοὶ
2172 3359 2341 3439 βόες.
2381 3357 2576 3421 schol.
2604 3356 2802 3422 Arist.
2834 3382 2927 3423 av.
2956 3362 3105 3426 465.

585 3462 724 3527 Ael.
771 3487 831 3527 n.
872 3486 924 3526 a.
974 3462 1097 3527 ΧΠ
1140 3467 1249 3549 113
1297 3465 1373 3529 cf.
1413 3463 1577 3547 Scyl.
1618 3466 1720 3529 26.
1787 3462 2059 3527 Aristot.
2108 3463 2248 3527 mir.
2288 3486 2455 3528 ausc.
2500 3461 2682 3549 133):
2731 3466 2841 3550 qui
2888 3471 3105 3531 autem

586 3594 666 3635 ex
720 3570 1068 3634 Ambracia
1125 3570 1455 3636 Graeciam
1513 3570 1733 3654 petiit,
1792 3574 1962 3634 certe
2018 3593 2150 3635 non
2205 3572 2463 3656 appulit
2520 3572 2828 3658 Siciliam3
2886 3574 3104 3659 itaque

588 3678 712 3743 duo
778 3678 891 3742 illa
954 3678 1261 3743 Hecataei
1325 3680 1715 3764 fragmenta,
1782 3700 1944 3761 quae
2010 3679 2169 3743 mihi
2238 3679 2518 3766 benigne
2584 3680 3100 3746 subministravit

772 3857 821 3925 l)
859 3856 927 3909 cf.
969 3857 1156 3910 Herm.
1195 3855 1348 3910 XXII
1384 3874 1440 3924 p.
1469 3860 1572 3908 411
1597 3874 1715 3924 sqq.

765 3950 818 4011 2)
858 3943 927 3997 cf.
966 3943 1203 4014 Berger‚
1242 3945 1409 4000 Erat.
1442 3945 1514 4012 fr.
1543 3944 1569 3997 I
1592 3944 1635 3997 B
1667 3949 1698 3997 ὅ
1735 3962 1790 4012 p.
1821 3950 1887 3999 41
1913 3962 1994 4014 sq.

768 4034 824 4103 3)
863 4031 932 4088 cf.
970 4039 1173 4101 quaest.
1215 4034 1417 4105 loyoyr.
1456 4053 1511 4104 p.
1545 4039 1626 4089 17.

768 4123 824 4192 4)
862 4119 931 4176 cf.
968 4118 1126 4175 Diels
1163 4141 1216 4192 p.
1246 4129 1369 4178 415.

773 4214 828 4280 ὅ)
866 4210 1284 4266 Dubitaverunt
1329 4211 1444 4266 iam
1491 4213 1561 4267 de
1607 4210 1879 4267 Hecataei
1934 4211 2144 4266 Milesii
2198 4215 2548 4286 genealogiis
2599 4215 2778 4272 Cobet
2839 4219 3102 4275 Mnemos.

587 4320 644 4358 n.
682 4317 723 4357 s.
763 4300 855 4369 XI,
898 4306 1050 4369 1883,
1088 4318 1144 4371 p.
1176 4307 1333 4369 3—7,
1374 4304 1432 4357 et
1469 4300 1623 4370 Sittl,
1661 4302 1844 4359 Gesch.
1884 4303 1936 4357 d.
1972 4304 2172 4372 yriech.
2211 4305 2349 4362 Litt.
2379 4305 2404 4358 Ι
2442 4323 2494 4374 p.
2528 4312 2648 4375 349,
2690 4307 2923 4376 uterque
2961 4308 3101 4364 levi·

591 4392 857 4445 densibus
906 4391 1069 4444 nixus
1116 4390 1490 4460 argumenti5‚
1537 4389 1742 4458 quibus
1794 4407 1907 4445 non
1956 4390 2078 4447 sine
2125 4410 2294 4449 causa
2337 4411 2450 4449 non
2497 4395 2737 4450 multum
2783 4397 3108 4454 tribuerunt

590 4480 815 4551 Lipsius
851 4479 888 4535 1.
917 4478 954 4535 l.
995 4498 1047 4549 p.
1080 4484 1145 4533 17
1185 4482 1243 4534 et
1278 4479 1524 4533 Dielsius
1561 4477 1598 4533 l.
1631 4479 1665 4534 1.
1702 4498 1757 4549 p.
1789 4486 1911 4535 412.
2899 4466 2905 4473 ⁶

772 4572 827 4639 6)
867 4569 934 4624 cf.
980 4568 1222 4637 Preller,
1272 4569 1484 4625 Grieeh.
1534 4570 1768 4640 Mythol.
1810 4570 1861 4622 ΙΙ
1899 4591 1953 4642 p.
1992 4579 2095 4628 202
2117 4591 2237 4642 sqq.
2312 4573 2490 4643 Voigt
2544 4575 2737 4631 Rosch.
2785 4578 2887 4633 lex.
2935 4581 3102 4650 myth.

602 4678 655 4729 p.
688 4665 824 4713 1633
846 4676 924 4726 sq.
