3467 5334
740 382 982 452 Reliqua
1017 381 1087 438 de
1124 382 1337 454 Libyae
1375 401 1475 439 ora
1512 382 1851 440 occidentali
1887 386 2158 441 memoria
2195 386 2472 458 (Plinius).
2773 390 2859 453 69

349 572 408 632 p.
439 545 601 637 580)
638 547 720 611 ad
756 547 1051 633 ignotam
1090 546 1375 631 aliquam
1400 547 1649 633 Libyae
1687 526 1918 614 urbem
1953 554 2273 615 revocant.
2336 552 2659 617 Neutrum
2697 552 2859 617 mihi

225 742 230 745 Ὺ
347 655 678 740 probatur.
743 653 947 719 Immo
985 655 1325 720 reddamus
1365 655 1764 721 Hecataeum
1808 654 2133 723 immerito
2183 659 2436 724 crimini
2484 663 2859 744 exemptum

347 786 459 828 suo
479 763 739 848 honori:
765 786 916 827 nam
945 763 1191 847 optime
1214 767 1467 847 Θίγγην
1489 763 1847 847 appellavit
1865 763 2244 829 hodiernam
2272 767 2528 852 Tanyer,
2561 760 2856 852 Θρίγκην

342 875 633 935 veterum
677 869 913 935 Lixum
959 871 1189 935 urbem
1236 869 1510 936 Ootibus
1556 870 1718 955 ipsis
1767 871 2184 958 adiacentem,
2233 863 2408 956 quod
2455 873 2858 960 oppidulum,

341 977 682 1044 Strabonis
727 978 858 1043 iam
895 981 1106 1042 aetate
1145 978 1366 1064 exigui
1404 979 1715 1042 momenti
1755 981 1821 1042 et
1867 978 2176 1064 ignobile,
2213 979 2410 1044 Plinii
2448 980 2858 1064 temporibus

339 1107 607 1170 prorsus
661 1084 957 1150 interisse
1012 1085 1291 1170 videtur3
1348 1085 1538 1150 aliter
1592 1085 1766 1150 enim
1820 1086 1928 1151 hic
1979 1109 2113 1151 non
2159 1082 2451 1152 dixisset:
2508 1088 2858 1152 ‘fuerunt

338 1193 509 1257 ultra
568 1192 898 1257 columnas
942 1192 1126 1257 Lissa
1183 1197 1250 1256 et
1306 1191 1493 1257 Gotte
1549 1192 1785 1256 urbes'.
1881 1191 2042 1257 Cum
2096 1193 2290 1257 huius
2341 1190 2557 1257 autem
2605 1198 2855 1258 senten-

334 1291 461 1364 tiae
510 1298 985 1383 probabilitate
1031 1297 1206 1362 haud
1251 1297 1403 1384 scio,
1450 1321 1534 1362 an
1578 1299 1879 1382 proximo
1930 1300 2187 1365 vinculo
2227 1300 2392 1365 alius
2430 1301 2522 1364 rei
2563 1301 2856 1385 quamvis

335 1407 539 1471 dubia
583 1405 894 1471 memoria
938 1390 1287 1470 coniuncta⁴
1329 1405 1433 1490 sit,
1479 1404 1560 1468 ad
1606 1427 1800 1490 quam
1845 1429 2017 1472 nunc
2061 1406 2291 1491 paucis
2337 1398 2613 1472 transe'o.
2695 1409 2856 1475 Erat

333 1514 563 1579 fabula
597 1513 953 1598 notissima,
990 1512 1183 1599 Tingi
1223 1512 1630 1577 aedificatum
1666 1536 1806 1578 esse
1845 1515 1928 1578 ab
1966 1513 2221 1579 Antaeo
2261 1513 2370 1602 (cf.
2399 1514 2571 1579 Mela
2598 1514 2631 1579 I
2658 1517 2718 1601 5,
2748 1519 2852 1581 26.

331 1621 494 1686 Ρ1111.
540 1620 603 1687 V
651 1624 707 1706 1,
745 1624 803 1685 2.
881 1620 1052 1685 Ρ1111.
1101 1619 1267 1685 Sert.
1303 1617 1375 1706 9)
1421 1620 1525 1685 vel
1562 1643 1600 1683 a
1637 1619 1930 1705 Sophace
1975 1621 2111 1686 filio
2162 1620 2462 1687 Herculis
2509 1627 2575 1687 et
2619 1623 2847 1710 Tingis

331 1727 640 1812 mulieriS,
674 1727 911 1792 Antaei
951 1728 1275 1813 quondam
1313 1725 1533 1791 uxoris
1572 1726 1679 1817 (cf.
1717 1728 1887 1792 Plut.
1925 1727 1965 1791 1.
1994 1727 2062 1813 l.;
2109 1729 2186 1793 cf.
2218 1730 2482 1813 Movers,
2520 1730 2750 1795 Phoen.
2786 1730 2852 1795 H
2960 1722 2967 1739 ’

239 1888 242 1893 .
330 1839 387 1921 2,
415 1833 604 1922 536).
675 1834 814 1899 Iam
858 1858 1027 1920 vero,
1075 1835 1178 1900 cui
1224 1857 1360 1900 non
1405 1834 1750 1898 admodum
1796 1834 2031 1899 mirum
2077 1835 2352 1921 videtur,
2398 1836 2572 1920 quod
2612 1835 2851 1902 Antaei

331 1943 514 2007 sedes
554 1946 619 2006 et
657 1962 695 2005 a
721 1941 935 2008 Plinio
967 1940 1058 2030 (V
1090 1946 1147 2026 1,
1176 1945 1243 2026 33
1281 1939 1435 2004 XIX
1464 1938 1579 2027 63)
1619 1945 1685 2004 01
1723 1963 1761 2003 a
1789 1940 2108 2007 Strabone
2139 1941 2353 2032 (XVII
2382 1946 2441 2027 3,
2471 1946 2510 2008 8
2540 1967 2603 2027 p.
2636 1944 2854 2029 829ος

330 2072 476 2115 cave
524 2049 713 2134 enim,
748 2071 831 2114 ne
869 2071 1015 2114 cum
1053 2047 1482 2114 Grosskurdio
1510 2046 1606 2112 ΠΙ
1633 2050 1782 2132 422,
1818 2048 2178 2135 Forbigero
2215 2048 2279 2114 H
2309 2050 2457 2133 875,
2494 2050 2851 2115 Wilmann-

330 2156 421 2222 sio
449 2157 495 2221 l.
529 2156 570 2220 1.
617 2155 819 2241 Λιγγὶ
847 2162 1059 2222 mutes
1088 2156 1155 2222 in
1194 2152 1417 2242 Τιγγί)
1447 2154 1528 2218 ad
1557 2154 1858 2220 occiduae
1889 2178 2036 2220 orae
2065 2156 2300 2220 Lixum
2330 2158 2852 2223 transferuntur?

332 2263 531 2329 Cuius
577 2263 671 2328 rei
725 2285 1040 2347 quaenam
1095 2263 1446 2349 praecipua
1503 2284 1693 2326 causa
1748 2263 1972 2348 fuerit,
2026 2263 2219 2327 nobis
2275 2263 2345 2327 in
2390 2268 2704 2348 promptu
2751 2268 2853 2329 est

332 2372 649 2438 conicere:
697 2371 943 2436 scilicet
989 2395 1136 2436 cum
1181 2372 1383 2436 Lixus
1437 2370 1982 2457 septentrionalis,
2029 2369 2135 2436 cui
2172 2370 2616 2455 propinquum
2653 2370 2850 2436 etiam

330 2485 421 2545 est
458 2483 724 2544 vastum
758 2477 996 2544 Antaei
1042 2484 1303 2545 antrum
1339 2479 1447 2567 (cf.
1489 2479 1724 2565 Barth,
1772 2480 2243 2562 Wanderunyen
2283 2477 2315 2542 I
2351 2502 2413 2562 p.
2459 2475 2591 2565 13),
2636 2479 2847 2565 magis

330 2587 616 2676 magisve
663 2586 733 2651 in
780 2586 914 2652 dies
961 2590 1297 2652 attenuata
1345 2585 1618 2670 denique
1678 2609 1758 2651 ex
1804 2586 2143 2650 hominum
2191 2589 2542 2669 conspectu
2588 2585 2851 2671 abisset,

329 2694 714 2780 posterioris
742 2694 975 2759 aetatis
1004 2692 1387 2781 geographi,
1424 2715 1551 2778 qua
1588 2696 1773 2758 erant
1811 2693 2110 2776 stultitia,
2150 2692 2396 2757 deletae
2433 2692 2627 2757 huius
2665 2693 2850 2781 urbis

330 2802 518 2869 inscii
575 2824 738 2886 quae
785 2802 861 2866 de
908 2801 1084 2866 illius
1129 2800 1367 2865 vicinia
1411 2801 1583 2864 fama
1628 2804 1890 2864 narrata
1935 2803 2121 2865 erant
2166 2821 2300 2863 non
2347 2798 2723 2865 dubitanter
2769 2800 2851 2864 ad

329 2911 566 2976 Lixum
610 2908 878 2974 fluvium
917 2914 982 2973 et
1020 2907 1194 2994 quod
1233 2907 1371 2973 eius
1419 2906 1658 2972 ostium
1694 2908 1965 2972 tenebat
2003 2906 2321 2991 oppidum
2365 2907 2743 2992 reiecerunt,
2783 2912 2850 2972 et

330 3019 453 3084 h'uc
512 3016 817 3103 migravit
864 3017 1061 3081 etiam
1107 3014 1344 3080 Antaei
1390 3037 1649 3100 specuS,
1706 3015 1881 3100 quod
1927 3037 1965 3078 a
2011 3014 2183 3080 Mela
2209 3019 2407 3080 ·recte
2455 3014 2724 3099 ponitur
2769 3015 2850 3079 ad

330 3124 778 3211 Ampelusiam
824 3122 1350 3208 promunturium
1395 3121 1505 3209 (cf.
1550 3121 1583 3186 I
1618 3119 1754 3209 26).

508 3231 634 3298 Sed
680 3230 922 3296 diutius
961 3253 1156 3315 quam
1192 3230 1504 3295 vellemus
1548 3228 1744 3294 huius
1779 3228 1906 3294 loci
1952 3228 2409 3312 interpretatio
2448 3249 2570 3293 nos
2607 3227 2845 3312 tenuit3

332 3342 552 3426 itaque
591 3338 769 3405 ocius
814 3343 1211 3404 revertamur
1248 3338 1329 3402 ad
1363 3336 1666 3402 Plinium.
1735 3334 1899 3401 Cum
1935 3358 2087 3401 vero
2129 3357 2292 3419 quae
2332 3335 2637 3420 deinceps
2674 3334 2848 3420 apud

332 3471 478 3515 eum
527 3451 1108 3512 commemorentur
1172 3444 1521 3510 maximam
1574 3447 1831 3528 partem
1895 3444 2219 3527 constent,
2286 3463 2407 3525 par
2461 3441 2716 3509 videtur
2783 3446 2848 3507 et

331 3556 567 3640 tutius,
611 3551 954 3638 perpaucis
1001 3552 1268 3638 defungi
1314 3550 1383 3615 in
1428 3573 1498 3616 re
1544 3548 1886 3634 eiusmodi,
1932 3548 2003 3612 in
2050 3571 2178 3633 qua
2225 3554 2300 3616 ut
2344 3550 2545 3615 fueris
2590 3548 2848 3635 longior

331 3669 550 3728 tamen
582 3683 715 3727 non
751 3659 1030 3725 multum
1066 3657 1443 3743 profeceris:
1485 3657 1681 3745 Tingi
1720 3660 1820 3722 est
1856 3656 2167 3722 hodierna
2210 3657 2454 3740 Tanyer
2491 3655 2599 3742 (cf.
2644 3657 2850 3723 Tissot

333 3795 393 3856 p.
446 3772 589 3837 180.
673 3768 889 3836 Vivien
932 3769 1006 3833 de
1050 3767 1140 3845 St.
1186 3766 1441 3833 Martin
1476 3786 1553 3849 p.
1601 3767 1750 3832 133.
1796 3760 1986 3851 349),
2029 3762 2202 3829 Zulil
2249 3764 2436 3829 Azila
2481 3762 2594 3850 (cf.
2644 3764 2850 3829 Tissot

334 3902 393 3963 p.
433 3879 582 3944 200.
669 3877 882 3943 Vivien
918 3898 984 3960 p.
1022 3870 1316 3959 349s50),
1369 3871 1571 3955 Lixus
1608 3872 1702 3937 El
1739 3872 2009 3937 Araisoh
2056 3867 2165 3957 (cf.
2208 3870 2410 3935 Tissot
2443 3892 2506 3954 p.
2546 3871 2675 3936 203
2707 3893 2847 3956 sqq.

346 3987 558 4051 Vivien
594 4007 657 4068 p.
687 3979 973 4068 353s54).
1048 3979 1232 4057 Quod
1268 3978 1640 4064 proximum
1678 3983 1778 4044 est
1817 3977 2203 4062 oppidulum
2229 3975 2610 4062 Mulelacha,
2650 3977 2847 4042 situm

335 4091 401 4158 in
436 4088 890 4176 promunturio
928 4088 1098 4153 inter
1131 4086 1370 4152 Lixum
1406 4089 1472 4150 et
1506 4084 1845 4151 Sububam
1880 4083 2129 4169 fiuviOS,
2169 4084 2604 4169 quaerendum
2644 4089 2741 4150 est
2778 4084 2863 4148 in‘

237 4206 245 4219 ”
337 4200 558 4264 Moula
593 4197 740 4263 Bou
775 4196 1027 4262 Selham
1071 4194 1243 4258 vico:
1294 4193 1416 4256 ‘La
1462 4191 1688 4276 pointe
1736 4192 1814 4256 de
1853 4190 2073 4256 Moula
2120 4194 2218 4255 est
2262 4191 2324 4255 le
2371 4190 2511 4255 seul
2557 4190 2847 4256 accident

338 4328 456 4390 que
504 4307 805 4389 presente
849 4303 913 4368 le
957 4301 1209 4367 littoral
1256 4305 1437 4365 entre
1483 4299 1834 4364 El-Araich
1882 4303 1946 4363 01
1988 4297 2470 4363 l'embouchure
2519 4297 2603 4362 du
2650 4296 2849 4382 Sbou,

335 4412 393 4478 le
440 4412 579 4478 seul
624 4410 829 4496 point,
875 4433 996 4495 par
1041 4410 1453 4494 consequent,
1496 4408 1609 4494 qui
1646 4406 1976 4474 satisfasse
2014 4408 2054 4471 a
2087 4402 2485 4471 l'indication
2522 4404 2599 4468 de
2636 4403 2846 4469 Pline’

338 4517 442 4606 (cf.
502 4519 705 4583 Tissot
764 4540 827 4600 p.
885 4518 1035 4582 221.
1109 4516 1350 4582 171111οηἼ
1377 4537 1440 4599 p.
1489 4511 1667 4600 356).
1759 4513 1897 4580 Nec
1953 4512 2166 4578 minus
2223 4515 2397 4576 certa
2453 4532 2555 4575 res
2610 4514 2710 4574 est
2766 4509 2845 4577 de

339 4623 605 4692 Sububa
651 4627 718 4688 et
753 4622 933 4690 Salat
977 4622 1382 4689 fluminibus:
1433 4623 1561 4686 100
1606 4644 1688 4686 111.
1728 4645 1791 4706 p.
1831 4644 1869 4685 a
1914 4621 2079 4687 Lixo
2128 4619 2314 4685 abest
2350 4617 2701 4684 hodiernus
2738 4617 2846 4683 Bu
