3467 5334
620 367 709 433 30
1752 371 1934 441 Caput
1969 371 2009 426 I.

616 536 993 615 computum
1039 533 1395 599 attulerim:
1454 556 1605 598 nam
1650 533 1991 599 Hannonis
2042 536 2123 599 16
2181 533 2431 600 itineris
2487 534 2624 600 dies
2681 533 2926 619 optime
2979 553 3127 595 con-

615 660 846 724 gruere
893 662 1039 706 eum
1086 641 1280 706 huius
1338 645 1590 726 septem
1637 640 1868 705 diebus
1922 640 2353 724 noctibusque
2410 645 2688 726 septem,
2742 662 2890 705 cum
2946 659 3127 721 prae-

616 745 841 809 sertim
906 746 982 811 de
1040 747 1478 836 prosperrima
1539 745 1955 834 navigatione
2020 748 2194 832 apud
2260 771 2408 813 eum
2471 770 2681 814 sermo
2747 746 2857 832 sit,
2920 767 3129 828 nem0,

617 856 799 936 puto,
847 852 1087 918 infitias
1133 854 1277 920 ibit.

795 960 968 1037 Quae
1016 961 1348 1045 hucusque
1397 962 1836 1049 exposuimus,
1882 986 1957 1028 eo
2006 964 2296 1049 redeunt,
2342 966 2417 1027 ut
2461 961 2632 1026 inter
2676 958 3130 1046 promunturia

616 1066 787 1151 Juby
843 1069 909 1131 et
955 1069 1238 1152 Bojador
1285 1067 1486 1134 Cerne
1536 1071 1898 1154 quaerenda
1954 1071 2065 1137 sit:
2126 1071 2458 1156 apparuit,
2515 1074 2690 1134 certa
2743 1069 2838 1133 rei
2894 1066 3130 1132 indicia

614 1173 807 1238 nobis
862 1179 1211 1259 suppetere
1268 1198 1341 1241 ac
1396 1180 1603 1241 totam
1660 1177 2104 1262 quaestionem
2156 1200 2290 1242 non
2347 1181 2483 1241 tam
2538 1175 2920 1260 impeditam
2974 1196 3130 1259 esse,

617 1302 811 1364 quam
856 1281 1288 1347 recentiorum
1336 1283 1739 1367 quorundam
1788 1283 2208 1369 opinionibus
2256 1285 2674 1350 obstructam.

793 1387 885 1453 At
932 1389 1443 1476 interrogantem
1490 1390 1805 1477 audimus,
1851 1414 1966 1457 cur
2011 1392 2274 1456 tandem
2318 1413 2508 1455 nemo
2555 1391 2763 1455 adhuc
2808 1388 2909 1454 vir
2957 1389 3013 1453 d.
3062 1389 3129 1453 in

614 1496 736 1561 hac
784 1495 1089 1580 opinione
1145 1496 1536 1582 acquieverit
1591 1498 1816 1583 ibique
1872 1498 2281 1564 collocaverit
2330 1498 2578 1563 Cernen
2632 1496 2925 1562 insulam.
3011 1494 3130 1561 Cui

612 1625 747 1667 non
791 1603 1043 1689 haereo,
1091 1604 1246 1689 quid
1282 1605 1734 1690 respondeam:
1783 1627 1973 1671 causa
2006 1606 2317 1671 nimirum
2363 1628 2438 1670 ea
2476 1609 2632 1689 erat,
2678 1604 2851 1689 quod
2896 1603 2965 1668 in
3009 1604 3131 1667 hac

616 1710 880 1797 regione
934 1733 1145 1795 neque
1202 1711 1382 1776 sinus
1428 1711 1881 1777 inveniebatur
1933 1734 2143 1797 neque
2204 1712 2431 1798 insula,
2496 1716 2676 1797 apta,
2743 1709 3129 1795 quibuscum

612 1817 952 1883 Hannonis
1004 1817 1147 1883 loca
1202 1825 1744 1903 componerentur
1758 1817 1826 1906 ¹).
1919 1818 2046 1884 Sed
2089 1819 2354 1884 meliore
2408 1840 2579 1884 nunc
2626 1817 2871 1882 utimur
2917 1816 3128 1880 condi-

614 1925 823 2010 cione,
879 1924 1083 1989 adiuti
1139 1947 1287 1989 cum
1340 1925 1763 1991 Habenichtii
1821 1925 2150 2010 praeclara
2211 1925 2463 2011 tabula,
2522 1948 2683 2010 quae
2738 1947 2907 1989 anno
2958 1924 3126 1989 1887

615 2031 863 2098 Gothae
902 2031 1146 2117 prodiit
1183 2033 1358 2117 apud
1394 2033 1438 2098 J
1439 2038 1659 2099 ustum
1685 2034 1976 2119 Perthes,
2014 2038 2155 2099 tum
2192 2033 2444 2098 duabus
2482 2031 2923 2119 singularibus
2961 2052 3127 2095 com-

614 2138 1151 2224 mentationibus,
1216 2161 1488 2223 quarum
1543 2141 1804 2226 utrique
1864 2162 2141 2225 mappae
2206 2140 2661 2205 adnectuntur:
2727 2138 2929 2203 altera
2984 2159 3129 2201 con-

613 2245 855 2329 scripta
928 2247 1010 2311 ab
1075 2246 1364 2330 Josepho
1430 2247 1558 2312 Lee
1633 2248 1877 2313 inserta
1947 2247 2191 2334 legitur
2254 2247 2527 2334 anglicis
2592 2244 3130 2332 ephemeridibus,

615 2374 778 2436 quae
840 2356 1154 2418 vocantur
1215 2355 1312 2419 the
1360 2355 1627 2436 journal
1689 2356 1767 2435 of
1820 2356 1917 2419 the
1969 2354 2363 2420 Manchester
2418 2355 2850 2439 yeoyraphical
2910 2354 3129 2436 society

614 2457 707 2545 (II
774 2461 945 2526 1886
1009 2483 1072 2545 p.
1142 2461 1270 2525 145
1291 2482 1384 2543 sq.
1449 2457 1647 2546 264),
1720 2460 1924 2525 altera
1997 2459 2358 2544 composita
2430 2483 2468 2525 a
2541 2460 2794 2526 duobus
2857 2459 3129 2524 Franco-

614 2564 805 2650 gallis
851 2564 1175 2654 (Lahureo
1223 2569 1288 2630 et
1332 2564 1779 2652 Fourcaultio)
1827 2565 2089 2633 Gallicis
2139 2566 2481 2633 annalibus
2530 2568 2640 2652 qui
2686 2568 3131 2632 inscribuntur

611 2679 990 2740 mouvement
1041 2674 1491 2758 yebyraphique
1553 2673 1780 2763 (1889.
1846 2676 1905 2740 9.
1972 2677 2059 2740 22
2125 2671 2330 2761 sept).
2436 2673 2688 2751 Quibus
2751 2674 2820 2739 in
2884 2674 3129 2739 tabulis

614 2779 666 2844 si
750 2779 929 2845 illam
1009 2780 1342 2867 regionem
1425 2781 1695 2847 attentis
1778 2781 1981 2847 oculis
2053 2780 2600 2865 contemplamur,
2682 2781 2864 2866 optio
2936 2780 3130 2847 nobis

612 2908 744 2950 non
810 2886 1022 2953 datur:
1086 2910 1254 2953 unus
1318 2893 1575 2954 tantum
1640 2888 1955 2973 aspicitur
2019 2886 2074 2951 si
2137 2909 2271 2952 non
2336 2887 2596 2972 proprie
2663 2886 2873 2952 dictus
2935 2886 3128 2973 8111118,

613 2996 900 3058 attamen
963 2995 1170 3060 maior
1232 2996 1429 3062 maris
1483 2996 1728 3079 hiatus,
1794 2994 1904 3080 qui
1964 2994 2244 3059 efficitur
2307 2994 2525 3078 amplo
2591 2993 2878 3059 fluminis
2932 2995 3128 3060 ostio:

613 3100 942 3186 egreditur
988 3101 1161 3166 enim
1206 3125 1281 3168 eo
1328 3103 1472 3169 1000
1521 3103 1632 3188 qui
1678 3102 1872 3168 hodie
1907 3101 2161 3169 Sakhiet
2199 3102 2254 3168 el
2288 3102 2547 3167 Hamra
2585 3100 3129 3190 audit.fluvius²):

612 3207 718 3273 ‘au
766 3207 884 3273 sud
929 3208 1013 3273 du
1070 3231 1187 3294 cap
1235 3210 1440 3296 Juby’
1497 3211 1679 3276 aiunt
1724 3207 2178 3275 Fourcaultius
2225 3211 2290 3272 et
2335 3208 2669 3273 Lahureus
2715 3207 2808 3297 (p.
2850 3206 2983 3295 73),
3039 3209 3130 3273 ‘et

611 3317 650 3379 a
698 3318 784 3381 60
828 3315 1041 3381 milles
1104 3317 1372 3383 environ
1427 3341 1495 3382 se
1561 3322 1790 3383 trouve
1855 3337 1966 3381 sur
2026 3315 2093 3378 la
2153 3319 2296 3380 cote
2350 3315 2517 3380 libre
2583 3315 2669 3379 du
2723 3315 2946 3379 Tekna
3001 3337 3127 3380 une

612 3422 786 3487 seule
835 3423 1270 3489 embouchure
1319 3448 1400 3490 en
1444 3425 1650 3490 forme
1699 3424 1777 3488 de
1823 3426 1955 3488 tres
1989 3422 2171 3508 large
2212 3420 2425 3487 delta'.
2509 3421 2714 3499 Quem
2749 3421 3003 3486 hiatum
3040 3460 3124 3468 -—

612 3530 763 3616 plus
820 3552 932 3595 sex
996 3554 1080 3596 m.
1127 3555 1190 3615 p.
1237 3530 1306 3596 in
1358 3530 1772 3596 latitudinem
1834 3533 2168 3614 patentem
2216 3567 2301 3575 —-
2349 3549 2496 3593 cum
2549 3528 2785 3593 Hanno
2850 3551 2931 3593 ex
2994 3529 3127 3594 alto

613 3637 1170 3704 animadvertisset
1181 3634 1265 3724 3),
1317 3638 1578 3725 navigia
1630 3636 1811 3702 litori
1865 3634 2149 3720 appulit,
2213 3657 2294 3699 ne
2358 3635 2541 3701 urbis
2604 3634 2702 3700 ibi
2757 3636 3124 3701 condendae

614 3744 1174 3830 opportunitatem
1228 3744 1795 3830 praetermitteret.
1884 3741 1952 3809 N
1953 3765 2024 3807 ec
2069 3743 2228 3807 haec
2279 3765 2430 3826 spes
2477 3765 2624 3807 eum
2669 3742 2929 3808 fefellit:
2985 3766 3126 3828 rep-

795 3994 849 4063 1)
885 3992 954 4049 cf.
991 3992 1114 4048 Mer
1149 4012 1203 4064 p.
1236 4000 1328 4049 352
1372 3994 1438 4049 ‘il
1473 3994 1566 4063 n'y
1603 4010 1638 4049 a
1675 3990 2084 4048 certainement
2117 3987 2180 4042 ni
2214 3988 2395 4044 fleuve
2422 3988 2609 4060 Lixus,
2647 3987 2708 4044 111
2743 3989 2916 4059 golfe‚
2951 3989 3012 4044 ni
3047 3990 3127 4046 ile

921 4082 938 4109 ²

613 4084 682 4139 de
722 4082 952 4242 Gagis.
991 4188 1135 4241 quae
1171 4172 1242 4228 de
1278 4172 1387 4227 hoc
1422 4171 1651 4225 flumine
1690 4171 1981 4240 exponunt
2006 4168 2286 4240 Josephus
2313 4169 2427 4223 Lee
2463 4168 2540 4239 (p.
2572 4172 2674 4222 145
2698 4184 2816 4237 sqq.
2855 4174 2961 4223 264
2981 4171 3127 4240 sqq.)

611 4264 781 4332 atque
817 4260 1104 4315 Lahureus
1142 4263 1200 4317 et
1234 4258 1627 4318 Fourcaultius
1663 4261 1741 4328 (p.
1774 4260 1880 4328 73).
1949 4257 2251 4311 Praeterea
2287 4257 2385 4326 qui
2420 4255 2604 4311 multa
2639 4259 2709 4312 de
2748 4273 2814 4312 eo
2862 4258 3122 4314 audacis-

613 4350 771 4405 simis
816 4349 1113 4405 itineribus
1160 4349 1501 4421 exploravit,
1557 4346 1933 4405 nominandus
1980 4349 2071 4401 est
2116 4346 2387 4402 Camillus
2433 4345 2610 4401 Douls
2657 4349 2788 4404 bull.
2835 4350 2887 4404 d.
2937 4350 2971 4404 l.
3018 4365 3125 4404 soc.

612 4441 666 4496 d.
695 4443 870 4511 ρέορν.
899 4440 967 4495 de
997 4440 1169 4495 Paris
1204 4445 1359 4498 1888
1391 4457 1449 4509 p.
1477 4442 1591 4494 448
1608 4453 1750 4508 sqq.;
1787 4435 1856 4492 cf.
1897 4437 2029 4492 bull.
2057 4437 2111 4492 d.
2142 4437 2178 4491 l.
2207 4452 2313 4493 soe.
2339 4438 2644 4492 nov-mande
2674 4437 2739 4493 de
2763 4437 2944 4508 ρέορν.
2971 4443 3126 4495 1888

602 4547 663 4600 p.
695 4536 726 4585 1
746 4547 856 4600 sqq.

790 4624 843 4687 3)
883 4619 952 4674 cf.
991 4618 1119 4686 Asr.
1158 4617 1266 4672 Pa.
1305 4635 1357 4689 p.
1389 4623 1472 4673 69.
1550 4616 1660 4671 Lee
1698 4634 1751 4685 p.
1787 4619 1904 4672 151.
