3467 5334
548 381 636 445 90
1664 380 1848 451 Caput
1885 382 1952 435 11.

730 544 1134 629 Quamquam
1179 545 1338 609 haec
1386 544 1600 609 omnia
1646 544 1715 609 in
1763 550 1902 610 eam
1950 548 2205 629 partem
2258 545 2462 629 accipi
2507 546 2687 629 11010,
2745 543 2929 628 quasi
2977 543 3070 607 eis

550 652 909 736 adstipuler
974 653 1085 736 qui
1146 657 1591 735 autumarunt,
1656 653 1711 717 si
1766 652 2105 717 Hannonis
2160 652 2489 736 expeditio
2546 657 2695 716 ante
2751 651 3067 715 Herodoti

549 762 830 823 aetatem
885 764 1185 844 suscepta
1241 764 1435 845 esset,
1491 760 1682 844 plura
1738 759 2047 825 historiae
2103 763 2356 843 patrem
2410 762 2475 823 et
2531 758 2944 845 diligentiora
2990 757 3067 822 (10

549 887 624 929 ea
694 871 1105 931 narraturum
1168 864 1457 953 fuisse1).
1549 866 1755 932 Immo
1825 867 2117 951 potuisse
2184 867 2497 952 quaedam
2559 866 2965 931 Herodotum
3029 887 3067 926 a

550 970 1196 1060 Carthaginiensibus
1244 975 1319 1038 de
1376 975 1608 1039 itinere
1654 975 2015 1039 Hannoneo
2072 975 2427 1060 comperire
2475 974 2737 1038 minime
2794 971 3067 1056 infitior3

547 1102 716 1165 nego
764 1080 830 1144 id
878 1081 1111 1164 solum,
1166 1080 1359 1146 huius
1406 1082 1499 1146 rei
1546 1082 1919 1147 testimonia
1967 1105 2046 1146 ex
2094 1082 2186 1146 eis
2236 1105 2398 1167 quos
2444 1082 2862 1146 tractavimus
2905 1079 3069 1144 locis

508 1186 840 1270 ,depromi
887 1210 1094 1271 posse.
1197 1186 1321 1252 Sed
1368 1191 1516 1252 utut
1564 1188 1631 1253 id
1678 1193 1803 1274 est,
1848 1189 2060 1274 plura,
2109 1189 2367 1274 opinor,
2417 1188 2678 1254 omnino
2727 1210 2892 1271 opus
2935 1209 3069 1250 non

555 1297 731 1378 sunt,
780 1295 1111 1390 sufficiunt
1160 1317 1321 1379 quae
1371 1317 1566 1379 supra
1615 1296 1908 1380 exposui.

730 1419 774 1514 J
776 1442 879 1484 am
960 1443 1111 1484 vero
1188 1420 1444 1485 exsistit
1520 1421 1811 1505 quaestio
1887 1422 2296 1487 subdifficilis
2313 1474 2331 1508 ,
2417 1443 2697 1507 quonam
2772 1423 3068 1503 tempore

545 1526 921 1592 Herodotus
988 1551 1149 1612 quae
1212 1528 1287 1592 de
1354 1528 1617 1593 occidua
1670 1529 1883 1614 Libya
1947 1529 2232 1614 prodidit
2296 1529 2619 1613 accepisse
2682 1527 2976 1592 videatur
3032 1549 3069 1589 a

553 1631 1231 1719 Carthaginiensibus3
1325 1635 1564 1699 etenim
1629 1658 1777 1700 cum
1840 1636 1944 1701 his
2010 1661 2077 1701 se
2146 1637 2518 1702 convenisse
2591 1636 2733 1721 ipse
2816 1633 3071 1719 saepius

549 1744 869 1805 asseverat
934 1739 1058 1828 (IV
1111 1743 1215 1806 42.
1281 1744 1385 1807 43.
1457 1744 1600 1807 184.
1679 1742 1805 1807 VH
1863 1747 2008 1810 167.
2079 1741 2256 1831 196).
2364 1744 2495 1808 Res
2562 1746 2659 1807 est
2724 1741 3069 1835 admodum

545 1847 822 1924 lubrica;
866 1871 1017 1913 nam
1052 1871 1134 1912 ne
1172 1848 1239 1912 id
1278 1847 1538 1932 quidem
1576 1853 1824 1915 certum
1863 1851 2100 1935 quibus
2137 1851 2322 1915 annis
2359 1849 2780 1934 hancoperis
2812 1852 3065 1934 partem

550 1955 1023 2040 conscripserit,
1062 1977 1208 2020 cum
1244 1955 1634 2023 Kirchhoffii
1674 1958 2048 2043 opinionem
2061 1958 2115 2047 2)
2154 1952 2282 2043 qua
2317 1958 2524 2023 libros
2561 1958 2708 2022 inde
2749 1980 2785 2020 a
2821 1954 2914 2020 HI
2941 1957 3067 2021 119

552 2084 754 2146 usque
802 2063 882 2127 ad
926 2062 989 2128 V
1037 2065 1120 2129 76
1168 2064 1429 2129 Thuriis
1486 2066 1882 2149 compositos
1930 2089 2068 2130 esse
2124 2065 2396 2130 coniecit
2443 2063 2707 2128 minime
2765 2062 2940 2127 omni
2988 2084 3068 2125 ex
3142 2108 3145 2113 -

545 2174 733 2255 parte
792 2172 1114 2236 firmatam
1179 2194 1315 2237 esse
1374 2174 1580 2257 probe
1638 2173 1852 2238 sciam.
1953 2172 2564 2238 Probabilissimum
2620 2193 2772 2234 vero
2829 2170 3067 2234 iterum

548 2278 912 2364 iterumque
958 2302 1095 2344 rem
1141 2303 1394 2345 mecum
1439 2281 1772 2365 reputanti
1818 2281 1942 2346 hoc
1996 2280 2363 2362 videbatur,
2417 2279 2727 2343 maiorem
2772 2277 2928 2341 libri
2973 2277 3070 2342 IV

546 2390 802 2469 partem
818 2436 836 2470 ,
918 2410 1080 2471 quae
1162 2388 1397 2453 mirum
1481 2392 1795 2472 quantum
1878 2411 2024 2453 cum
2106 2387 2310 2452 altero
2393 2386 2565 2451 libro
2651 2384 2972 2450 consentit
2985 2382 3038 2471 3)
3051 2436 3068 2468 ,

548 2494 874 2558 conditam
948 2517 1083 2559 esse
1158 2500 1307 2579 post
1380 2495 1506 2561 iter
1568 2494 2075 2582 Aegyptiacum3
2150 2493 2392 2578 optime
2467 2493 2638 2558 enim
2701 2493 2913 2557 Bauer
2987 2515 3067 2556 ex

551 2600 929 2666 differentiis
1003 2602 1175 2667 inter
1255 2602 1512 2690 singula
1586 2602 1723 2667 eius
1808 2603 2024 2687 capita
2104 2601 2654 2667 intercedentibus
2736 2600 3068 2686 conclusit,

553 2709 865 2792 quaedam
937 2732 1090 2775 sane
1173 2711 1463 2775 confecta
1536 2731 1674 2776 esse
1749 2710 1832 2774 ab
1908 2709 2240 2774 Herodoto
2317 2731 2395 2773 ex
2471 2709 2599 2794 eis,
2683 2731 2845 2793 quae
2933 2707 3066 2772 sive

544 2815 821 2901 Delphis
886 2816 1019 2882 sive
1076 2816 1249 2882 Sami
1306 2817 1382 2881 de
1442 2816 1689 2901 Cyrene
1759 2816 2025 2902 eiusque
2078 2815 2314 2880 vicinia
2378 2817 2682 2899 potuerat
2747 2815 3065 2899 accipere,

549 2923 843 3007 pleniora
904 2923 1051 2988 dein
1108 2927 1174 2988 et
1229 2923 1625 2989 accuratiora
1691 2923 1910 2988 addita
1974 2945 2111 2987 esse
2175 2927 2523 3007 postquam
2591 2922 2730 3008 ipse
2786 2921 3065 3007 Libyam

544 3030 1118 3114 septentrionalem
1200 3028 1440 3117 adiit4).
1555 3029 1727 3097 Nolo
1810 3029 1917 3094 hic
1996 3028 2238 3093 nimius
2320 3052 2458 3095 esse
2541 3030 2619 3094 de
2708 3029 3062 3095 clarissimo

544 3137 668 3202 hoc
722 3137 953 3203 itinere
1009 3160 1082 3202 ac
1137 3139 1214 3203 de
1270 3137 1586 3203 industria
1642 3137 1874 3202 omitto
1930 3160 2261 3222 quaerere,
2318 3161 2446 3222 quo
2504 3137 2726 3202 ordine
2774 3137 3062 3225 singulas

543 3249 750 3310 terras
829 3244 1200 3312 Herodotus
1281 3244 1539 3327 viserit,
1631 3266 2021 3329 quamquam
2104 3266 2179 3308 eo
2262 3244 2530 3309 inclinat
2614 3244 2866 3308 animus
2883 3294 2901 3328 ,
2984 3249 3057 3309 ut

543 3352 826 3436 primum
873 3352 1192 3438 Cyrenen,
1249 3353 1397 3418 dein
1441 3351 1845 3439 Aegyptum,
1908 3355 2240 3435 postremo
2294 3351 2729 3416 Palaestinam
2784 3350 3058 3436 Syriam-

547 3482 670 3543 que
738 3481 894 3529 eum¹
948 3460 1190 3544 petisse
1255 3460 1632 3525 existimem.
1727 3458 1972 3526 Nostra
2035 3458 2102 3523 id
2166 3458 2378 3525 solum
2440 3458 2736 3544 interest,
2803 3460 3058 3543 quando

543 3588 815 3652 peregre
864 3565 1076 3631 fuerit.
1168 3564 1385 3651 Atque
1442 3567 1563 3631 hac
1620 3567 1880 3651 quidem
1934 3565 2004 3629 in
2057 3588 2127 3630 re
2182 3565 2250 3630 id
2294 3589 2415 3651 pro
2472 3570 2648 3631 certo
2703 3564 3059 3650 habuerim,

544 3674 715 3739 inter
769 3696 971 3738 annos
1016 3675 1150 3739 454
1198 3678 1262 3739 et
1307 3676 1439 3740 446
1486 3673 1803 3738 Herodoti
1859 3673 2448 3760 peregrinationem
2491 3672 2857 3759 ponendam
2903 3695 3057 3738 esse.

541 3780 682 3844 Iam
747 3802 893 3844 cum
955 3780 1025 3845 in
1087 3781 1230 3866 ipsa
1294 3780 1541 3867 Cyrene
1605 3781 1714 3845 ille
1783 3802 1946 3865 quae
2012 3781 2087 3845 de
2147 3779 2790 3868 Carthaginiensibus
2853 3781 3058 3865 deque

543 3886 955 3954 occidentalis
1000 3889 1247 3975 Libyae
1294 3889 1601 3977 gentibus
1646 3888 1867 3973 prodit
1912 3890 2284 3973 ¹explorasse
2328 3888 2623 3953 videatur
2669 3927 2754 3935 —
2796 3887 3057 3954 Cartha-

724 4193 777 4261 1)
815 4189 884 4245 cf.
924 4189 1137 4245 Goebel
1174 4209 1227 4261 p.
1260 4197 1306 4244 9.

722 4281 776 4347 2)
824 4269 878 4334 ff
877 4282 969 4335 ber
1004 4282 1092 4334 die
1130 4281 1601 4350 Entstehunqszeit
1636 4281 1727 4334 des
1762 4281 1944 4335 herod.
1985 4279 2488 4335 Gesehiehtswerks²
2527 4284 2683 4334 1878.
2752 4279 2820 4333 cf.
2854 4281 3052 4348 Bauer,

542 4370 652 4423 Die
688 4370 1029 4440 Entstehuny
1065 4371 1157 4424 des
1190 4369 1372 4424 herod.
1412 4369 1902 4436 Gesehiehtswerks,
1941 4368 2107 4422 Wien
2148 4373 2303 4423 1878.

722 4462 775 4525 3)
815 4458 884 4514 cf.
917 4459 1102 4513 Bauer
1137 4478 1191 4529 p.
1224 4464 1310 4513 56.

720 4550 777 4617 4)
817 4549 883 4602 cf.
925 4549 1176 4615 Hachez‚
1222 4544 1296 4602 de¹
1324 4548 1595 4604 Herodoti
1630 4549 1922 4604 itineribus
1958 4554 2008 4604 et
2041 4550 2264 4618 seriptis
2299 4567 2354 4617 p.
2386 4553 2472 4602 62.
2548 4547 2945 4615 Hildebrandt,
2987 4549 3052 4602 de

540 4639 833 4693 itineribus
869 4637 1142 4693 Herodoti
1177 4637 1491 4707 Europaeis
1526 4644 1577 4693 et
1614 4639 1908 4705 Africanis
1942 4657 1996 4708 p.
2027 4642 2111 4691 53.
