3467 5334
1218 432 1301 485 De
1339 432 1629 486 Hannonis
1665 432 1790 487 vita
1825 436 1885 487 et
1921 434 2125 491 aetate.
2802 438 2929 503 103

424 592 831 676 temporibus
878 593 1051 676 apud
1097 615 1207 657 eos
1251 594 1488 658 mansit
1535 594 1642 683 (cf.
1690 595 1876 660 Diod.
1917 595 2072 663 XIV
2111 601 2214 684 73,
2252 603 2310 665 2.
2366 600 2592 686 Polyb.
2631 599 2663 666 I
2702 603 2803 687 73,
2843 599 2932 687 2),

423 699 591 764 Dein
663 698 731 761 id
801 698 985 764 valde
1054 701 1508 788 memorabile,
1584 702 1758 786 quod
1819 703 2013 769 huius
2075 707 2333 792 generis
2394 731 2591 772 naves
2654 707 2933 773 maxime

425 804 714 871 omnium
759 806 1021 871 idoneas
1066 811 1382 892 aptasque
1427 808 1627 873 fuisse
1665 810 1747 873 ad
1785 810 2114 877 occiduam
2150 813 2398 899 Libyae
2438 837 2617 880 oram
2653 819 2933 900 praeter-

423 913 850 1000 navigandam
905 912 1055 978 inde
1112 914 1575 1000 cognoscimuS‚
1632 917 1806 1000 quod
1862 917 1972 1002 qui
2028 919 2232 985 altero
2289 944 2341 985 a.
2384 920 2528 986 Chr.
2570 944 2632 986 n.
2680 921 2932 986 saeculo

424 1020 809 1086 Hannonem
855 1019 1148 1115 imitatus
1195 1020 1320 1085 iter
1356 1021 1426 1085 in
1460 1021 1852 1109 longinquas
1886 1024 2005 1089 has
2039 1030 2244 1092 terras
2282 1027 2570 1112 suscepit
2604 1026 2935 1114 Eudoxus,

420 1131 768 1213 postquam
814 1126 978 1192 alius
1025 1131 1385 1192 structurae
1430 1128 1705 1194 navibus
1752 1135 1974 1196 vectus
2020 1154 2157 1198 rem
2202 1135 2368 1200 male
2416 1134 2645 1222 gessit,
2698 1134 2934 1200 iterum

417 1235 560 1299 vela
631 1234 701 1298 in
773 1234 976 1298 altum
1049 1235 1315 1300 daturus
1390 1235 1750 1300 aedificavit
1823 1236 1953 1302 sibi
2027 1242 2442 1325 στρόγγυλον
2514 1248 2752 1308 πλοῖον
2823 1241 2931 1307 καὶ

419 1343 674 1428 μακρὸν
717 1345 1281 1427 πεντηκόντορον,
1340 1342 1506 1407 ὥστε
1552 1351 1643 1430 τῷ
1691 1338 1814 1427 μὲν
1859 1349 2261 1430 πελαγίζειν,
2307 1356 2398 1436 τῷ
2449 1343 2523 1412 ’δὲ
2568 1355 2928 1435 πειρᾶσθαι

430 1459 538 1533 τῆς
570 1458 719 1533 γῆςτ
766 1471 840 1514 ac
886 1450 1178 1533 profecto
1215 1448 1602 1514 Hannonem
1647 1472 1871 1515 omnes
1908 1473 2057 1516 orae
2103 1454 2430 1520 anfractus
2468 1459 2759 1520 secutum
2797 1477 2934 1521 esse

423 1579 621 1641 supra
701 1556 995 1622 vidimus.
1111 1555 1546 1641 Aptissimum
1625 1579 1777 1622 vero
1864 1559 2036 1642 quod
2115 1560 2420 1625 afferatur
2490 1562 2935 1627 Phocaeorum

422 1664 790 1748 exemplum
827 1668 943 1750 est,
983 1664 1094 1749 qui
1133 1686 1279 1729 cum
1317 1664 1522 1750 Cyrus
1559 1665 1841 1751 patriam
1877 1667 2105 1732 urbem
2154 1673 2566 1754 oppugnaret
2613 1668 2930 1756 emigrare

418 1772 918 1837 constituerunt:
965 1771 1182 1856 itaque
1222 1773 1756 1850 κατασπάσαντες
1792 1775 1908 1851 τὰς
1946 1775 2528 1859 πεντηκοντέρους,
2578 1775 2926 1861 ἐσθέμενοι

413 1877 607 1944 τέκνα
661 1877 772 1945 καὶ
827 1889 1146 1963 γυναῖκας
1201 1877 1311 1944 καὶ
1367 1881 1606 1944 ἔπιπλα
1661 1879 1904 1964 πάντα,
1957 1882 2123 1968 πρὸς
2179 1878 2254 1948 δὲ
2302 1881 2412 1948 καὶ
2457 1883 2538 1948 τὰ
2583 1881 2923 1967 ἀγάλματα

418 1986 497 2051 τὰ
535 1984 606 2049 ἐκ
651 1997 786 2050 τῶν
825 1987 988 2069 ἱρῶν
1026 1983 1137 2050 καὶ
1173 1987 1255 2050 τὰ
1297 1987 1464 2050 ἄλλα
1502 1984 1920 2071 ἀναθήματα,
1967 1986 2167 2075 χωρὶς
2204 1989 2241 2054 ὅ
2279 2013 2342 2055 τι
2378 1991 2620 2075 χαλκὸς
2654 1988 2695 2074 ἢ
2736 1992 2930 2067 λίθος

417 2092 459 2176 ἢ
521 2094 748 2176 γραφὴ
813 2089 928 2177 ἦν,
1000 2093 1080 2157 τὰ
1146 2090 1218 2157 δὲ
1283 2093 1449 2158 ἄλλα
1512 2093 1728 2158 πάντα
1793 2093 2105 2171 ἐσθέντες
2165 2093 2278 2160 καὶ
2340 2094 2531 2161 αὐτοὶ
2592 2095 2927 2180 ἐσβάντες,

412 2202 647 2265 ἔπλεον
693 2198 799 2264 ἐπὶ
848 2203 1017 2266 Χίου
1064 2223 1114 2265 e.
1156 2221 1215 2283 q.
1255 2222 1300 2263 s.
1349 2198 1458 2287 (cf.
1504 2199 1742 2265 Herod.
1789 2198 1821 2264 Ι
1861 2174 2037 2287 164).
2128 2201 2419 2267 Duarum
2464 2201 2668 2289 igitur
2712 2223 2927 2268 rerum

411 2307 591 2390 optio
639 2307 851 2373 datur:
899 2311 1010 2371 aut
1056 2311 1401 2391 corruptus
1448 2311 1546 2372 est
1591 2329 1898 2373 numerus
1943 2310 2056 2372 aut
2101 2312 2361 2394 praeter
2399 2308 2738 2395 sexaginta
2775 2308 2923 2374 illas

412 2417 979 2497 πεντηκοντόρους
1024 2413 1334 2478 maiorem
1382 2414 1701 2498 quendam
1746 2436 2086 2480 numerum
2134 2416 2436 2481 ὁλκάδων
2483 2438 2701 2481 secum
2738 2416 2925 2480 duxit

410 2519 1039 2607 Carthaginiensium
1103 2520 1486 2606 imperator,
1553 2520 1791 2605 quibus
1854 2520 2004 2586 illae
2070 2521 2253 2606 quasi
2316 2521 2639 2605 praesidio
2705 2525 2922 2607 erant;

409 2628 580 2712 quod
635 2626 876 2712 duplici
934 2628 1011 2691 de
1068 2649 1257 2692 causa
1311 2633 1703 2713 magnopere
1762 2626 2077 2712 displicet.
2168 2628 2461 2693 Primum
2517 2627 2689 2693 enim
2740 2627 2920 2712 ipsae

405 2737 918 2819 πεντηκόντοροι
992 2756 1066 2799 ea
1130 2738 1340 2798 aetate
1410 2756 1607 2799 naves
1680 2733 2009 2799 onerariae
2082 2734 2289 2799 factae
2361 2734 2488 2798 nisi
2558 2733 2919 2799 necessario

405 2846 698 2926 tempore
759 2840 916 2905 belli
973 2840 1118 2905 usui
1172 2863 1306 2905 non
1359 2840 1490 2905 iam
1544 2839 1939 2927 serviebant3
2004 2840 2153 2905 dein
2207 2845 2424 2906 autem
2477 2840 2731 2927 magnis
2786 2839 2918 2904 illis

408 2948 687 3035 navigiis
743 2947 1202 3023 occidentalem
1255 2946 1501 3032 Libyae
1559 2969 1736 3012 oram
1791 2946 1965 3012 haud
2017 2946 2206 3012 facile
2261 2948 2393 3034 legi
2455 2946 2714 3013 Eudoxi
2767 2970 2920 3014 nau·

404 3055 614 3141 fragio
686 3055 1045 3120 luculenter
1118 3056 1607 3120 demonstratur.
1716 3053 2196 3141 Refugiendum
2268 3077 2423 3141 ergo
2497 3058 2596 3119 est
2659 3077 2735 3119 eo
2753 3106 2771 3140 ,
2845 3059 2918 3119 ut

405 3184 743 3227 numerum
816 3166 1194 3247 corruptum
1267 3183 1406 3227 esse
1479 3182 1885 3245 censeamus3
1959 3161 2280 3247 genuinus
2352 3161 2567 3226 nescio
2641 3184 2721 3225 an
2795 3162 2917 3226 hac

404 3270 652 3335 ratione
727 3268 1140 3334 restituatur:
1215 3268 1268 3332 si
1338 3266 1612 3333 eundem
1672 3267 1807 3331 fere
1871 3289 2211 3331 numerum
2273 3268 2643 3352 hominum,
2720 3289 2910 3353 quem

406 3376 772 3442 Herodotus
827 3376 1141 3441 usitatum
1195 3398 1331 3441 esse
1380 3375 1544 3440 dixit
1590 3373 1758 3463 (83),
1809 3375 1889 3438 ad
1933 3373 2274 3440 Hannonis
2316 3398 2512 3440 naves
2559 3374 2914 3460 referimUS,

403 3484 780 3571 flagitantur
854 3486 984 3549 360
1055 3487 1608 3568 πεντηκόντοροι;
1684 3487 1752 3549 at
1814 3482 2131 3548 Herodoti
2198 3482 2459 3570 navigia
2524 3483 2625 3547 ad‘
2668 3482 2915 3547 bellum

403 3593 757 3677 gerendum
812 3590 1115 3674 expedita
1170 3595 1378 3676 erant,
1432 3613 1566 3655 non
1619 3593 1852 3655 onusta
1907 3589 2316 3674 mulieribus,
2376 3587 2763 3671 infantibus,
2820 3610 2912 3651 sa-

405 3699 625 3763 burra:
672 3701 1025 3784 potuerunt
1062 3696 1267 3784 igitur
1306 3696 1938 3783 Carthaginiensium
1974 3701 2174 3762 πλοϊα
2210 3695 2592 3780 ampliorem
2628 3692 2912 3778 recipere

403 3805 738 3870 hominum
798 3826 1167 3890 numerum,
1231 3804 1397 3868 unde
1462 3825 1759 3888 propono
1825 3807 1917 3867 ut.
1964 3803 2285 3867 scribatur
2346 3804 2912 3886 πεντηκοντόρους

405 3913 875 3996 <διακοσίους>
931 3910 1243 3993 ἑξήκοντα
1302 3912 1484 3992 ἄγων
1540 3914 1605 3975 et
1661 3909 1878 3974 omnia
1927 3910 2055 3975 iam
2113 3911 2276 3974 bene
2322 3910 2559 3973 fluunt:
2615 3929 2910 3973 conscen-

403 4019 627 4084 derant
682 4022 823 4084 tum
876 4038 1393 4102 unamquamque
1448 4038 1678 4081 navem
1735 4039 1824 4081 ca.
1876 4018 2004 4082 115
2049 4015 2370 4081 homines!
2462 4014 2667 4092 Quam
2722 4014 2909 4080 facile

399 4120 549 4192 vero
591 4128 633 4192 C
676 4124 836 4213 (qua
871 4129 1028 4189 nota
1065 4124 1290 4190 Graeci
1327 4145 1667 4189 numerum
1705 4123 2231 4188 ducentenarium
2268 4123 2478 4189 solent
2516 4118 2908 4209 significare)

399 4233 689 4298 excidere
737 4232 1043 4318 potuerit,
1090 4252 1236 4297 cum
1283 4253 1446 4315 quae
1493 4231 1813 4296 antecedit
1858 4253 1986 4297 vox
2022 4225 2648 4319 (πεντηκοντόρους)
2686 4228 2906 4293 eadem

397 4340 616 4405 littera
688 4338 1070 4404 terminetur
1087 4389 1105 4422 ,
1178 4338 1248 4403 in
1320 4342 1547 4423 aperto
1621 4341 1736 4403 est.
1846 4338 1942 4404 Ut
2013 4342 2230 4403 autem
2295 4336 2503 4403 omnis
2567 4334 2908 4420 scrupulus

399 4449 802 4513 removeatur
818 4497 836 4530 ,
904 4468 1134 4510 moneo
1200 4443 1766 4532 Carthaginienses
1828 4446 1949 4511 hac
2013 4446 2157 4531 ipsa
2219 4448 2430 4510 aetate
2494 4441 2740 4527 optime
2805 4445 2906 4506 tot

398 4557 965 4639 πεντηκοντόρους
1003 4553 1296 4619 emittere
1335 4551 1652 4637 potuisse3
1697 4574 1975 4636 namque
2015 4556 2115 4618 sat
2150 4551 2387 4617 multas
2424 4549 2554 4614 iam
2589 4548 2906 4632 proximis

400 4661 583 4727 annis
639 4660 1048 4726 aedificarant
1103 4660 1398 4727 triremes
1455 4663 1520 4723 et
1569 4658 2029 4744 quadriremes,
2084 4663 2159 4724 ut
2205 4656 2463 4725 Graecis
2507 4655 2670 4723 mari
2716 4678 2905 4742 pares
