3467 5334
554 458 681 521 106
1661 453 1847 524 Caput
1883 453 1950 508 II.

552 621 724 706 quod
761 624 1034 705 uterque
1073 618 1305 683 etesias
1343 616 1840 682 inundationum
1877 638 2100 682 causas
2139 639 2277 681 esse
2316 616 2762 683 affirmaverat.
2838 616 3067 695 Quam-

552 751 746 813 quam
801 750 875 791 ea
930 728 1000 792 in
1057 749 1127 792 re
1183 725 1593 809 differebant,
1651 724 1824 808 quod
1868 723 2103 788 Thales
2159 722 2391 788 etesias
2435 722 2591 789 Nilo
2648 722 2947 788 resistere
3003 727 3069 788 et

550 857 773 900 cursus
830 835 968 899 eius
1024 838 1165 898 acto
1222 837 1446 898 contra
1502 831 1669 896 ostia
1714 830 1875 894 mari
1924 831 2239 895 sustinere
2288 829 2593 915 opinatus
2641 834 2764 914 est,
2820 829 3069 915 Euthy-

550 964 770 1006 menes
818 944 1059 1025 autem,
1117 940 1461 1005 dummodo
1510 962 1589 1004 ex
1636 937 1937 1022 pessimis
1985 961 2147 1023 quae
2195 939 2273 1003 de
2321 960 2396 1004 eo
2445 938 2809 1022 accepimus
2852 960 3067 1001 narra-

549 1048 841 1114 tionibus
904 1070 1120 1112 veram
1186 1047 1323 1111 eius
1389 1045 1717 1111 eliciamus
1790 1044 2202 1129 sententiam,
2266 1044 2479 1110 lacum
2545 1044 2864 1129 quendam
2930 1066 3068 1109 esse

551 1157 881 1221 statuebat
944 1160 1151 1240 prepe
1217 1176 1527 1220 oceanum
1591 1152 2051 1218 occidentalem
2116 1175 2154 1215 a
2226 1152 2493 1218 meridie
2560 1151 3069 1236 septentrionem

548 1286 769 1328 versus
844 1265 1277 1347 spectantem,
1353 1285 1545 1347 quem
1619 1259 1964 1325 etesiarum
2037 1264 2330 1344 tempore
2394 1258 2791 1324 instantibus
2854 1259 3068 1323 ventis

550 1370 746 1434 maris
782 1369 1091 1434 fluctibus
1119 1367 1462 1453 impletum
1491 1367 1561 1432 in
1587 1366 2055 1432 mediterranea
2083 1369 2359 1433 defluere
2390 1364 2658 1431 credidit
2690 1364 2799 1453 (cf.
2827 1364 3067 1430 Athen.

549 1476 611 1542 H
649 1473 848 1563 87)¹).
945 1475 1212 1553 Quando
1268 1479 1485 1540 autem
1539 1473 1986 1559 Euthymenes
2040 1474 2302 1560 vixerit,
2359 1496 2437 1538 ex
2494 1472 2733 1538 Seneca
2790 1494 2923 1536 non
2978 1472 3067 1536 di-

459 1656 464 1661 ,
552 1562 805 1650 scimus,
898 1582 1083 1660 Quod
1127 1604 1277 1647 vero
1324 1582 1569 1668 Berger
1614 1580 1675 1668 (I
1719 1605 1783 1665 p.
1827 1578 1984 1668 109)
2038 1582 2284 1666 posuit,
2345 1579 2822 1665 Euthymenem
2868 1578 3070 1644 Hero-

545 1675 697 1756 doto
775 1713 1030 1777 quoque
1104 1689 1398 1755 fortassis
1472 1687 1782 1753 maiorem
1858 1712 1993 1754 esse
2068 1693 2262 1775 atque
2325 1686 2716 1753 Massiliensi
2785 1686 3072 1752 tribuen-

549 1800 696 1863 dam
768 1799 1037 1865 alteram
1101 1797 1296 1862 istam
1361 1796 1781 1882 sententiam,
1856 1798 1931 1862 de
2003 1819 2129 1881 qua
2193 1819 2389 1882 supra
2453 1793 2755 1880 pluribus
2820 1794 3072 1881 egimus

547 1906 656 1994 (cf.
702 1905 940 1971 Herod.
986 1904 1050 1970 H
1086 1902 1230 1991 21),
1284 1903 1472 1969 facile
1526 1904 1963 1990 redarguitur3
2021 1904 2074 1969 si
2122 1904 2245 1970 hoc
2291 1904 2384 1969 ita
2431 1906 2627 1986 esset,
2673 1924 2805 1966 non
2851 1902 3072 1987 potuit

551 2013 922 2078 Herodotus
969 2011 1111 2096 ipse
1159 2010 1367 2076 dicere
1405 2008 1468 2076 H
1495 2013 1576 2077 31
1621 2011 1698 2077 de
1734 2009 1917 2077 Nilo:
1965 2011 2099 2096 ῥέει
2139 2012 2267 2077 ἀπὸ
2309 2009 2587 2094 ἑσπέρης
2622 2033 2690 2074 τε
2729 2007 2837 2074 καὶ
2875 2010 3073 2093 ἡλίου

553 2118 878 2205 δυσμέων.
980 2121 1072 2184 Τὸ
1130 2115 1204 2185 δὲ
1259 2118 1385 2184 ἀπὸ
1442 2120 1640 2184 τοῦδε
1698 2116 1921 2195 οὐδεὶς
1977 2121 2108 2204 ἔχει
2164 2117 2428 2203 σαφέως
2484 2118 2763 2201 φράσαι·
2830 2119 3072 2200 ἔρημος

548 2228 675 2314 γὰρ
726 2224 865 2292 ἐστὶ
911 2225 951 2309 ἡ
998 2226 1177 2310 χώρη
1227 2226 1393 2311 αὕτη
1439 2226 1570 2291 ὑπὸ
1617 2227 1969 2309 καύματος.
2061 2226 2177 2291 Nil
2225 2225 2428 2313 igitur
2473 2223 2888 2310 relinquitur,
2941 2223 3071 2288 nisi

549 2338 622 2398 ut
686 2333 1168 2417 Euthymenem
1230 2333 1434 2417 priori
1499 2332 1608 2399 IV.
1675 2332 1914 2396 saeculi
1978 2332 2151 2416 parti
2215 2332 2613 2398 vindicemus
2677 2330 2848 2416 ideo,
2920 2331 3071 2415 quia

547 2440 851 2525 Ephorus
907 2443 972 2503 et
1025 2438 1412 2507 Aristoteles
1426 2439 1476 2525 ²)
1533 2440 1728 2525 primi
1787 2440 1924 2504 eius
1978 2441 2377 2506 mentionem
2430 2440 2746 2504 fecerunt:
2803 2437 3069 2502 tertium

550 2546 826 2630 denique
901 2545 1187 2610 eiusdem
1261 2546 1491 2611 aetatis
1561 2551 1890 2611 auctorem
1908 2598 1925 2631 7
2001 2547 2111 2632 qui
2175 2547 2655 2631 Euthymenem
2721 2566 3067 2628 usurpasse

547 2653 827 2736 videtur,
884 2652 1053 2717 infra
1110 2651 1473 2739 adiungam.
1567 2652 1746 2717 Idem
1800 2657 2017 2718 autem
2069 2654 2485 2719 vehementer
2539 2653 2765 2718 suadet
2821 2674 2895 2716 ea
2949 2673 3071 2735 res,

550 2761 723 2846 quod
768 2760 999 2825 melius
1044 2764 1215 2825 certe
1265 2782 1457 2844 quam
1492 2759 1571 2824 V.
1612 2759 1864 2824 saeculo
1903 2764 2046 2824 tum
2086 2764 2442 2846 potuerunt
2478 2758 2913 2824 Massilienses
2951 2780 3070 2844 per

547 2870 788 2934 fretum
836 2867 1226 2933 Gaditanum
1271 2867 1340 2932 in
1384 2866 1790 2932 Atlanticum
1837 2867 2057 2954 egredi
2104 2890 2414 2932 oceanum
2461 2865 2883 2955 (quamquam
2929 2889 3068 2952 per-

549 2975 774 3061 paucis
819 2974 1096 3040 navibus
1143 2975 1300 3039 haec
1346 2974 1580 3038 itinera
1625 2973 1790 3038 inita
1836 2996 1991 3059 esse,
2040 2975 2203 3039 bene
2241 2975 2510 3039 Meltzer
2546 2998 2609 3058 p.
2644 2976 2775 3039 236
2812 2974 3068 3039 monuit

551 3086 776 3148 contra
821 3080 1378 3145 Muellenhoffium
1424 3079 1456 3145 I
1493 3082 1650 3166 3113
1707 3081 1784 3145 cf.
1832 3080 2063 3165 Polyb.
2108 3080 2384 3147 XXXIV
2422 3082 2482 3166 5,
2523 3084 2559 3147 7
2604 3112 2684 3134 =
2726 3080 2937 3146 Strab.
2966 3080 2998 3145 I
3025 3082 3069 3146 4

551 3213 613 3274 p.
666 3185 851 3274 104),
916 3210 1062 3252 cum
1118 3186 1686 3275 Carthaginienses
1739 3188 1927 3252 bellis
1983 3187 2429 3253 Siciliensibus
2486 3187 2783 3273 occupati
2838 3191 3069 3252 essent.

548 3296 824 3361 Videtur
898 3317 1052 3382 ergo
1126 3318 1258 3360 non
1326 3294 1605 3359 multum
1669 3299 1818 3359 ante
1881 3294 2258 3360 Aristotelis
2318 3293 2698 3380 Ephorique
2771 3298 3069 3379 tempora

551 3402 984 3485 Euthymenis
1056 3402 1124 3466 in
1198 3402 1536 3487 publicum
1604 3401 1896 3486 prodisse
1960 3401 2258 3467 libellus:
2332 3425 2610 3486 namque
2678 3424 2840 3487 quae
2905 3402 3069 3467 vidit

556 3532 846 3597 quaeque
893 3509 1128 3574 vidisse
1177 3509 1304 3574 sibi
1351 3510 1526 3574 visus
1574 3514 1670 3595 est
1715 3509 2187 3574 Massiliensem
2232 3509 2470 3574 litteris
2516 3510 2851 3574 mandasse
2897 3509 3070 3575 idem
3162 3544 3167 3549 ·

550 3617 778 3683 Aelius
833 3616 1152 3682 Aristides
1208 3617 1394 3683 testis
1445 3621 1548 3682 est
1603 3615 1696 3705 (p.
1748 3620 1830 3682 47
1838 3616 1936 3703 5):
1995 3619 2155 3702 μετὰ
2209 3623 2476 3683 πολλῶν
2535 3614 2594 3683 δ’
2659 3617 3068 3702 ἀφικόμενον

553 3728 765 3810 μόνον
813 3725 934 3791 οὐκ
981 3726 1156 3802 εἰκὸς
1202 3719 1287 3808 ἦν
1332 3732 1660 3809 κοσμῆσαι
1706 3725 1826 3789 τὸν
1871 3727 2096 3807 λόγον,
2146 3725 2228 3789 οὐ
2275 3727 2408 3809 μὴν
2456 3719 2600 3790 οὐδ’
2657 3727 2751 3801 εἰς
2795 3728 3066 3809 βιβλίον

554 3832 919 3918 ἐγγράφειν
977 3833 1064 3910 ὡς
1111 3831 1422 3917 ἀποχρῶν
1470 3829 1616 3897 οὐδ’
1672 3832 1835 3897 ὅσον
1881 3834 2045 3919 πρὸς
2091 3835 2249 3909 τοὺς
2294 3831 2706 3916 ἐπιτηδείους
2753 3833 3068 3917 διηγήσα-

556 3946 742 4021 σθαι,
791 3939 957 4005 ἀλλὰ
1004 3941 1292 4026 δημοσίᾳ
1336 3939 1589 4026 φράσαι
1634 3936 1744 4002 καὶ
1793 3938 2195 4021 ἀναγγεῖλαι.

733 4044 1064 4130 Superest,
1125 4050 1199 4110 ut
1255 4068 1589 4131 quousque
1636 4045 2080 4130 Euthymenes
2135 4067 2517 4132 progressus
2565 4045 2649 4111 sit
2697 4051 3070 4131 quaeratur:

554 4157 840 4218 attamen
884 4153 1054 4218 malo
1101 4153 1268 4218 hanc
1313 4175 1450 4217 rem
1487 4157 1715 4237 postea
1751 4156 2052 4237 tractare;
2097 4175 2267 4217 nunc
2304 4152 2462 4218 satis
2498 4153 2725 4237 habeo,
2771 4153 3066 4238 posuisse

554 4260 719 4324 hanc
766 4260 1170 4343 sententiam,
1220 4260 1690 4326 Massiliensem
1738 4259 1909 4323 ultra
1957 4259 2206 4324 Cernen
2251 4260 2529 4325 insulam
2574 4260 2699 4326 iter
2742 4283 2875 4325 non
2920 4284 3066 4326 con·

553 4366 863 4451 tinuasse3
909 4367 1189 4457 probare
1236 4389 1377 4431 eam
1423 4367 1593 4431 infra
1639 4365 1933 4431 studebo.

738 4619 788 4679 1)
828 4613 898 4668 cf.
936 4613 1145 4682 Berger
1181 4612 1206 4664 I
1245 4631 1298 4681 p.
1333 4617 1450 4667 107.

734 4703 790 4772 2)
828 4702 898 4761 cf,
936 4701 1121 4755 Bauer
1156 4718 1209 4770 p.
1242 4708 1308 4757 75
1348 4702 1475 4760 adn.
1508 4709 1552 4757 1.
