3467 5334
1113 404 1197 457 De
1233 402 1525 458 Hannonis
1564 406 1683 458 vita
1719 406 1780 457 et
1816 406 2019 460 aetate.
2736 409 2822 472 85

321 565 652 649 Sataspem
705 565 1185 651 navigationem
1242 566 1454 631 obisse
1508 571 1659 652 post
1715 591 1954 632 annum
1999 571 2130 634 478
2189 570 2429 654 duplici
2482 572 2557 635 de
2605 595 2821 638 causa:

315 674 668 738 necessario
744 673 971 738 Samus
1042 673 1252 737 insula
1318 673 1659 739 Persarum
1731 675 2005 759 imperio
2079 676 2209 740 iam
2284 683 2501 762 erepta
2573 683 2709 743 erat
2783 702 2820 742 a

316 779 571 844 Graecis
596 778 680 866 ¹);
763 780 1003 845 etenim
1074 781 1200 844 huc
1274 782 1567 867 confugit
1641 782 1860 846 audita
1934 783 2175 847 domini
2249 789 2456 849 morte
2530 785 2819 871 Sataspis

313 889 642 952 eunuchus
686 886 794 976 (cf.
841 888 1076 953 Herod.
1115 887 1209 952 IV
1242 889 1329 953 43
1352 887 1559 974 extr).
1641 889 1812 953 Dein
1856 888 2204 975 Aegyptiis
2249 890 2468 955 nautis
2515 891 2819 976 Sataspes

309 994 509 1059 vitam
556 995 849 1081 credidit,
906 1017 1294 1079 quamquam
1344 996 1549 1060 multo
1597 996 1724 1060 fuit
1772 997 2192 1080 commodiuS,
2246 997 2628 1063 Phoenicias
2675 1022 2818 1065 con-

308 1103 608 1168 scendere
672 1125 893 1186 naves3
956 1125 1106 1165 nam
1171 1106 1244 1166 ut
1298 1097 1614 1189 Aegyptii
1628 1102 1677 1185 2)
1738 1103 1949 1190 ignari
2006 1108 2186 1168 erant
2242 1106 2335 1169 rei
2388 1106 2661 1190 navalis,
2726 1107 2819 1171 ita
2864 1145 2869 1150 ·

302 1209 658 1273 Phoenices
671 1207 751 1295 3),
817 1208 927 1294 qui
983 1209 1261 1272 multum
1316 1232 1571 1293 semper
1623 1210 1930 1275 valebant
1984 1212 2179 1277 rebus
2233 1213 2599 1298 maritimis»,
2653 1215 2817 1298 peri-

301 1315 554 1380 tissimi.
648 1316 867 1381 Movet
914 1320 1130 1380 autem
1176 1339 1295 1380 nos
1343 1316 1468 1381 ista
1514 1340 1617 1381 res
1626 1368 1643 1401 ,
1690 1321 1764 1381 ut
1810 1322 2114 1402 putemus
2124 1372 2141 1405 ,
2191 1320 2481 1406 Cyprum
2535 1321 2813 1386 insulam

57 1494 58 1513 ἶ
303 1445 429 1506 quo
498 1428 791 1508 tempore
848 1422 1152 1506 Sataspes
1206 1424 1330 1488 iter
1394 1424 1724 1511 ingressus
1791 1430 1911 1505 est„
1961 1449 1999 1488 a
2055 1426 2313 1492 Graecis
2374 1433 2814 1512 recuperatam

57 1534 60 1611 j
297 1530 424 1594 iam
470 1531 691 1617 fuisse,
738 1531 909 1615 quod
955 1535 1174 1595 utrum
1220 1535 1530 1598 autumno
1578 1534 1729 1598 anni
1776 1536 1906 1599 478
1954 1556 2037 1599 an
2072 1558 2220 1600 vere
2259 1538 2387 1600 477
2437 1536 2681 1601 factum
2729 1537 2814 1602 sit

296 1639 570 1702 fluctuat
634 1636 1032 1724 iudicium4):
1101 1638 1356 1724 Cyprus
1419 1640 1590 1705 enim
1655 1645 1872 1707 custos
1939 1643 2120 1727 quasi
2187 1646 2251 1706 et
2318 1643 2601 1729 domina3
2677 1649 2815 1709 erat

295 1745 500 1809 totius
555 1767 702 1810 orae
747 1742 1172 1830 Phoenicum,
1229 1747 1338 1831 qui
1385 1748 1498 1811 illa
1544 1771 1582 1811 a
1629 1748 1887 1813 Graecis
1936 1754 2247 1834 occupata
2293 1755 2437 1816 tuto
2486 1773 2558 1815 ac
2603 1752 2812 1817 libero

294 1875 482 1916 cursu
544 1876 577 1916 e
624 1854 946 1937 portubus
994 1854 1239 1919 solvere
1284 1855 1716 1939 nequiverunt
1731 1854 1801 1943 5).
1892 1856 1984 1921 At
2030 1857 2425 1921 redeundum
2473 1858 2668 1922 etiam
2716 1863 2815 1923 est

292 1964 439 2042 post
491 1982 731 2024 annum
776 1963 934 2025 477:
989 1984 1139 2025 nam
1187 1967 1287 2026 sat
1335 1962 1526 2027 certis
1571 1962 1963 2028 testimoniis
2010 1968 2293 2047 constat,
2342 1964 2602 2030 Xerxen
2666 1990 2811 2031 cum

291 2090 403 2150 per
463 2071 773 2151 quattuor
818 2089 1019 2132 annos
1067 2068 1376 2134 Sardibus
1423 2073 1712 2134 moratus
1769 2075 1937 2134 esset
2002 2074 2312 2136 autumno
2367 2072 2623 2137 demum
2678 2077 2806 2139 477

291 2174 438 2239 hinc
480 2174 643 2241 Susa
690 2197 827 2239 esse
874 2176 1239 2259 profectum
1250 2174 1322 2263 6).
1403 2176 1698 2261 Denique
1748 2177 1924 2241 aliud
1969 2182 2425 2263 argumentum
2473 2180 2807 2244 substitui-

290 2286 407 2366 tur,
459 2305 591 2366 quo
630 2281 797 2346 infra
835 2305 1074 2347 annum
1101 2286 1234 2348 470
1273 2284 1651 2349 descendere
1690 2284 2009 2370 cogimur3
2044 2307 2324 2369 namque
2360 2309 2493 2351 non
2529 2288 2807 2352 multum

288 2390 549 2474 opinor,
595 2413 632 2453 a
676 2390 947 2454 veritate
996 2391 1392 2477 aberremus,
1453 2392 1505 2457 si
1551 2393 1674 2456 hoc
1720 2396 2013 2475 tempore
2060 2392 2400 2477 Babylona
2454 2399 2806 2479 postquam

287 2521 321 2561 a
362 2498 711 2563 Persarum
756 2519 908 2583 rege
965 2498 1197 2564 defecit
1244 2522 1281 2563 a
1326 2499 1567 2584 Zopyri
1621 2498 1757 2563 filio
1804 2498 2163 2584 Megabyzo
2213 2501 2421 2565 denuo
2471 2502 2805 2567 subactam

284 2628 418 2670 esse
479 2627 625 2670 cum
677 2606 1021 2670 Dunckero
1079 2605 1171 2693 (p.
1214 2604 1372 2693 190)
1429 2611 1493 2670 et
1550 2605 1843 2670 Busoltio
1901 2605 1994 2693 (p.
2034 2609 2165 2672 392
2225 2609 2364 2671 adn.
2405 2605 2477 2694 3)
2533 2609 2803 2674 conicia—

283 2736 427 2778 mus
440 2711 518 2800 7);
567 2735 693 2796 quo
739 2711 1004 2799 negotio
1052 2712 1328 2777 feliciter
1375 2718 1637 2797 peracto
1674 2713 2109 2798 Megabyzum
2156 2737 2194 2776 a
2229 2714 2442 2778 Xerxe
2490 2737 2802 2801 generum

282 2820 600 2886 adscitum
655 2843 793 2885 esse
836 2824 993 2885 nota
1038 2843 1141 2884 res
1188 2824 1312 2904 est,
1368 2843 1487 2885 nec
1534 2819 1998 2904 improbabile,
2054 2824 2195 2884 tum
2243 2821 2499 2886 demum
2544 2822 2802 2888 Xerxen

281 2929 359 2992 ob
441 2927 864 3015 ignominiam
929 2927 1122 2992 istam
1185 2927 1531 3014 Megabyzi
1596 2927 1883 2992 familiae
1948 2928 2231 2992 inustam
2297 2931 2432 2992 tam
2497 2931 2799 2994 acerbum

188 3085 193 3089 .
283 3035 677 3121 supplicium
724 3035 1076 3119 sumpsisse
1124 3037 1200 3100 de
1247 3036 1476 3100 iuvene
1523 3036 1721 3122 regio.
1814 3035 1922 3100 Ab
1971 3036 2174 3099 altera
2221 3040 2436 3101 autem
2486 3029 2672 3123 parte
2720 3040 2798 3104 de

279 3166 349 3207 ea
396 3165 655 3227 quoque
705 3142 1082 3227 quaestione
1127 3144 1307 3207 locus
1356 3143 1750 3208 dubitationi
1793 3167 1925 3208 non
1961 3143 2367 3229 relinquitur,
2414 3139 2562 3209 ante
2603 3169 2794 3231 quem
2832 3168 2835 3171 ’

278 3250 625 3315 terminum
664 3250 969 3335 Sataspes
1006 3250 1337 3316 occiduam
1371 3251 1615 3335 Libyae
1655 3274 1835 3317 oram
1872 3251 2545 3338 praeternavigaverit.
2623 3254 2794 3330 Quas

277 3360 600 3442 proferam
637 3381 875 3442 causaS,
920 3359 1075 3423 duas
1113 3359 1528 3443 potissimum
1565 3360 1634 3424 in
1671 3383 1977 3444 praesens
2012 3359 2251 3424 habeo:
2297 3359 2580 3443 primum
2619 3362 2792 3425 enim

277 3464 338 3529 id
377 3488 512 3530 non
550 3469 698 3552 eget
745 3466 1327 3552 demonstrationiS,
1377 3466 1715 3552 Sataspem
1763 3466 2100 3532 revertisse
2147 3466 2529 3552 priusquam
2567 3492 2619 3534 a.
2657 3471 2791 3536 465

276 3573 516 3638 Xerxes
580 3573 774 3639 morti
840 3575 1170 3661 occubuit3
1235 3575 1384 3640 dein
1447 3580 1665 3640 autem
1728 3576 1903 3639 haud
1967 3573 2163 3639 dubie
2228 3574 2404 3639 illius
2460 3576 2788 3660 expeditio

249 3812 277 3866 x
457 3754 512 3837 1)
547 3769 615 3825 cf.
649 3767 835 3835 Grote,
876 3768 1060 3823 Gesch.
1092 3770 1398 3825 Grieehenl.
1428 3769 1506 3823 111
1536 3787 1592 3838 p.
1625 3775 1744 3825 154.
1799 3769 2012 3835 Busolt,
2049 3769 2247 3839 yriech.
2279 3768 2465 3826 Geseh.
2497 3770 2550 3822 II
2580 3788 2633 3839 p.
2664 3776 2786 3826 319.

449 3860 501 3923 2)
541 3856 611 3912 cf.
641 3857 789 3912 Plut.
819 3857 889 3913 de
917 3860 988 3914 Is,
1019 3859 1077 3911 et
1108 3858 1197 3912 Os,
1231 3866 1316 3912 32.
1364 3857 1570 3912 Herod.
1601 3858 1652 3911 II
1682 3865 1776 3913 43:
1817 3857 1886 3912 cf.
1923 3856 2295 3910 Wiedemann
2325 3857 2399 3912 ad
2426 3858 2482 3912 h.
2510 3859 2548 3913 1.
2578 3878 2634 3928 p.
2663 3866 2785 3915 206.

276 3948 340 4002 cf.
380 3949 467 4004 W.
506 3947 766 4015 Mueller,
813 3947 926 4002 Die
972 3946 1330 4019 Umseyelzmy
1367 3947 1602 4014 Afrikas
1651 3948 1827 4001 durch
1868 3947 2090 4015 phoniz.
2131 3946 2386 4015 Schiffer.
2429 3953 2567 4002 1890
2613 3968 2668 4018 Ρ.
2700 3956 2785 4005 23.

450 4041 504 4107 3)
545 4037 614 4094 cf.
652 4036 891 4105 Heeren,
931 4036 1104 4090 Ideen
1142 4037 1164 4089 I
1201 4055 1257 4105 p.
1289 4040 1407 4090 703.
1482 4034 1721 4088 Mueller
1758 4033 1793 4089 1.
1824 4032 1861 4088 1.
1899 4052 1952 4103 p.
1984 4040 2069 4091 27.

449 4128 505 4197 4)
545 4126 615 4181 cf.
662 4126 937 4194 Krueger‚
1001 4125 1359 4195 hist-philol,
1410 4123 1649 4179 Studien
1693 4123 1720 4177 I
1765 4141 1819 4192 Ρ.
1859 4129 1925 4178 37
1960 4141 2040 4192 sq.
2126 4125 2415 4194 Schaefer‚
2474 4129 2538 4182 de
2603 4145 2783 4182 rerum

270 4221 391 4284 post
440 4217 580 4271 bella
624 4215 853 4270 Persica
896 4215 961 4268 in
1008 4213 1243 4269 Graecia
1286 4219 1561 4284 ,qestarum
1606 4214 1845 4270 chronol.
1892 4233 1945 4284 p.
1992 4220 2077 4269 20.
2151 4215 2366 4284 Unger,
2415 4216 2618 4271 Philol.
2656 4214 2782 4268 XLI

277 4321 329 4373 p.
360 4311 425 4360 89
447 4322 528 4373 sq.

446 4394 609 4464 5).cf.
649 4391 913 4447 Duncker
947 4391 983 4448 1.
1013 4391 1051 4446 l.
1089 4409 1143 4462 Ρ.
1178 4394 1283 4449 16.’
1335 4391 1532 4448 Busolt
1568 4394 1604 4448 1.
1635 4393 1672 4448 1.
1710 4410 1768 4463 p.
1797 4398 1916 4448 339.

447 4486 501 4554 6)
539 4481 609 4537 cf.
647 4481 910 4537 Duncker
945 4480 982 4536 1.
1013 4479 1051 4536 1.
1089 4499 1144 4550 Ρ.
1174 4485 1259 4535 24.

448 4576 502 4641 7)
542 4572 697 4637 Quae
741 4570 802 4625 in
848 4568 1188 4626 contrariam
1231 4571 1452 4640 partem
1498 4568 1719 4625 Ctesiae
1767 4572 2146 4627 narrationem
2197 4572 2417 4624 secutus
2459 4570 2764 4640 Noeldeke,

276 4662 532 4729 Aufsc'itze
569 4678 669 4716 zwr
697 4662 1010 4730 persisehen
1052 4660 1360 4716 Gesehiehte
1395 4678 1449 4728 Ρ.
1481 4666 1548 4713 42
1588 4658 1782 4714 docuit
1816 4661 2002 4715 minus
2040 4659 2182 4713 mihi
2220 4659 2542 4729 probantur.
