3467 5334
1238 329 1324 386 De
1359 331 1651 386 Hannonis
1688 330 1810 386 vita
1846 333 1904 386 et
1941 333 2147 389 aetate.
2780 330 2787 337 ’
2859 331 2944 396 99

448 494 704 578 ἀληθέα
750 492 968 560 δοκέει
1013 489 1215 560 εἶναι·
1263 495 1334 560 οἱ
1372 497 1499 580 γὰρ
1528 492 1867 580 Ἑλλήνων
1911 498 2099 578 λόγοι
2144 498 2386 561 πολλοί
2423 519 2493 560 τε
2529 493 2638 560 καὶ
2676 502 2947 579 γελοῖοι,

441 602 530 676 ὡς
576 599 722 684 ἐμοὶ
768 605 1154 686 φαίνονται,
1212 605 1382 667 εἰσίν
1427 601 1533 690 (fr.
1574 606 1703 669 332
1732 600 1865 690 M).
1952 601 2078 667 Sed
2121 603 2263 666 vela
2315 603 2747 668 contrahenda
2795 606 2948 667 sunt

444 711 508 771 et
555 707 910 771 omittenda
954 707 1236 792 plurima
1282 731 1445 793 quae
1491 710 1559 773 in
1606 714 1919 795 promptu
1964 710 2192 775 habe0.

618 814 712 880 Ut
766 819 982 878 autem
1034 836 1255 878 eorum
1302 815 1621 902 opinioni,
1678 817 1789 902 qui
1837 817 1917 880 ad
1961 816 2244 901 priorem
2291 821 2568 882 aetatem
2613 817 2949 882 Hannonis

443 922 569 986 iter
620 940 916 986 revocare
972 921 1345 1007 studebant,
1403 945 1589 987 omne
1637 923 1916 987 solidum
1960 923 2452 988 fundamentum
2498 924 2949 1010 praeripiatur,

444 1028 778 1112 profiteor,
841 1051 943 1092 me
1006 1028 1214 1092 facere
1280 1050 1426 1092 cum
1479 1029 1816 1115 Meltzero,
1884 1030 1995 1114 qui
2054 1030 2146 1118 (p.
2200 1027 2356 1117 193)
2410 1031 2950 1095 verisimillimum

447 1135 658 1219 duxit,
721 1133 1107 1199 Hamilcaris
1170 1135 1344 1218 patri
1400 1136 1660 1200 omnino
1716 1159 1850 1201 non
1903 1136 2216 1201 Hannoni·
2261 1159 2496 1202 nomen
2549 1137 2774 1219 fuisse,
2839 1136 2952 1201 sed

444 1241 736 1327 Magoni,
791 1241 981 1307 sicuti
1027 1241 1226 1305 tradit
1270 1241 1558 1306 Iustinus
1602 1242 1756 1307 XIX
1798 1247 1862 1326 1,
1895 1246 1949 1308 1.
2034 1243 2218 1320 Quod
2255 1243 2623 1308 Herodotus
2659 1242 2784 1308 VH
2825 1243 2952 1308 165

444 1347 876 1426 Hamilcarem
936 1347 1276 1413 Hannonis
1336 1349 1544 1414 filium
1605 1355 1794 1416 vocat
1811 1403 1828 1436 ,
1903 1351 1969 1415 id
2032 1374 2208 1415 mero
2239 1350 2687 1416 librariorum
2751 1349 2953 1414 errori

445 1456 731 1521 tribuere
777 1456 994 1519 nullus
1042 1455 1297 1540 dubito;
1344 1461 1602 1541 praesto
1652 1457 1825 1522 enim
1870 1461 1967 1522 est
2010 1458 2382 1541 exemplum
2419 1458 2777 1541 Livianum,
2824 1479 2951 1541 quo

438 1562 607 1626 idem
661 1562 894 1626 vitium
949 1563 1221 1627 traxisse
1272 1563 1478 1629 libros
1524 1564 2000 1649 manuscriptos
2044 1565 2404 1629 luculenter
2451 1565 2952 1630 demonstretur:

436 1674 654 1734 narrat
710 1669 932 1734 Livius
987 1669 1143 1734 XXI
1181 1671 1293 1754 60,
1334 1672 1399 1755 7,
1460 1669 1847 1736 Hannonem
1920 1671 2021 1736 cui
2089 1671 2181 1736 cis
2244 1671 2567 1736 Hiberum
2621 1670 2955 1756 provincia

437 1781 573 1841 erat
620 1800 657 1840 a
709 1776 817 1841 Cn.
860 1776 1156 1842 Cornelio
1206 1775 1506 1861 Scipione
1552 1779 1798 1843 victum
1844 1783 2234 1864 captumque
2282 1801 2438 1865 esse,
2487 1802 2633 1844 cum
2678 1778 2747 1842 in
2794 1777 2954 1842 eius-

438 1883 582 1948 dem
625 1884 780 1948 libri
826 1884 1132 1968 periocha
1175 1884 1545 1949 Poenorum
1592 1887 1722 1951 dux
1767 1888 1963 1973 Mago
2010 1886 2246 1950 audiat.
2342 1885 2581 1952 Contra
2624 1908 2707 1951 ne
2753 1884 2954 1948 Hero-

439 1991 662 2054 dotum
725 1991 942 2075 ipsum
1005 1991 1314 2056 memoria
1376 1992 1633 2077 lapsum
1698 2016 1834 2057 esse
1901 1993 2293 2079 existimem,
2358 1993 2679 2080 impedior
2738 2015 2812 2057 ea
2870 2014 2956 2077 re,

440 2098 612 2182 quod
674 2099 1148 2164 accuratissime
1205 2098 1281 2162 de
1336 2096 1726 2164 Hamilcaris
1780 2123 2015 2186 genere
2073 2104 2137 2164 et
2192 2100 2440 2164 familia
2496 2101 2760 2165 edoctus
2818 2120 2957 2164 esse

436 2204 691 2270 videtur
735 2204 1336 2271 Halicarnassensis
1419 2204 1645 2291 Itaque
1684 2206 1920 2272 Hanno
1958 2208 2068 2272 ille
2108 2207 2314 2272 maior
2352 2230 2386 2272 e
2424 2208 2725 2295 Magonis
2763 2208 2953 2272 domo

439 2335 558 2377 nec
600 2335 733 2377 non
778 2314 1039 2378 omnino
1089 2336 1167 2378 ex
1213 2312 1486 2378 historia
1532 2314 1857 2378 eiciendus
1895 2319 2011 2400 est,
2060 2336 2451 2399 quamquam
2488 2336 2634 2378 cum
2671 2312 2955 2377 familiae

440 2419 756 2505 originem
829 2420 1251 2484 subtexerent
1323 2441 1469 2482 eum
1542 2425 1923 2506 receperunt
1987 2420 2315 2486 Arnoldus
2388 2420 2690 2486 Schaefer
2754 2422 2953 2506 (Mus.

439 2529 604 2591 rhen.
652 2526 777 2591 XV
821 2550 883 2610 p.
924 2526 1085 2612 398)
1132 2531 1199 2591 et
1243 2525 1588 2612 Adolphus
1633 2527 1834 2592 Holm
1880 2529 2126 2610 (Gesch.
2175 2528 2299 2593 Siz.
2346 2525 2410 2591 Π
2444 2526 2624 2614 421).

616 2634 925 2699 Dicamne
988 2657 1168 2719 vero,
1234 2657 1397 2719 quae
1463 2657 1543 2700 ex
1607 2636 1811 2701 altera
1875 2639 2061 2720 parte
2127 2639 2350 2699 contra
2405 2658 2515 2700 eos
2570 2635 2956 2720 proferenda

439 2741 570 2806 sint
579 2748 619 2826 ,'
646 2741 755 2825 qui
803 2742 884 2805 ad
926 2741 1036 2806 IV.
1088 2764 1293 2827 usque
1340 2742 1667 2806 saeculum
1710 2742 2052 2807 Hannonis
2098 2742 2223 2806 iter
2270 2741 2521 2805 detrudi
2567 2741 2954 2807 voluerunt?

438 2849 699 2932 Vereor,
742 2871 824 2913 ne
871 2844 1100 2930 γλαῦκ’
1154 2851 1248 2926 εἰς
1287 2844 1574 2932 Ἀθήνας
1621 2848 1978 2913 clamitent!
2063 2847 2327 2912 Etenim
2371 2847 2476 2912 vel
2522 2870 2598 2912 ea
2643 2850 2722 2913 de
2765 2871 2955 2913 causa

440 2956 629 3021 nihili
695 2959 935 3039 essent,
1002 2978 1166 3039 quae
1229 2954 1328 3018 illi
1391 2960 1776 3042 posuerunt,
1841 2955 1993 3040 quia
2053 2954 2157 3020 cui
2210 2954 2542 3041 navigatio
2597 2955 2958 3021 vindicetur

444 3064 675 3128 Hanno
749 3067 889 3126 tum
960 3085 1091 3127 non
1163 3061 1419 3146 floruit,
1493 3062 1746 3127 etiamsi
1812 3085 1946 3128 non
2009 3062 2171 3126 aliae
2238 3084 2476 3147 eaeque
2540 3063 2957 3150 gravissimae

443 3170 814 3234 accederent
869 3169 1324 3234 dubitationes,
1371 3164 1373 3171 ’
1417 3168 1584 3244 Quid
1639 3173 1857 3233 autem
1912 3169 2038 3234 tibi
2083 3169 2340 3233 videtur
2385 3169 2462 3233 de
2511 3193 2585 3234 ea
2631 3193 2727 3253 re,
2787 3170 2960 3253 quod

440 3277 666 3363 Unger
710 3276 804 3341 nil
850 3277 1143 3361 protulit,
1187 3274 1314 3339 nisi
1361 3275 1885 3340 florentissimam
1932 3275 2026 3341 rei
2064 3276 2365 3360 publicae
2405 3274 2957 3363 Carthaginiensis

442 3389 720 3449 aetatem
785 3384 1073 3467 coepisse
1138 3383 1286 3448 inde
1351 3384 1433 3447 ab
1502 3405 1668 3447 anno
1733 3383 1935 3464 ferme
2001 3384 2132 3447 409
2211 3405 2339 3467 quo
2416 3381 2702 3447 Siciliam
2763 3382 2828 3447 vi
2895 3387 2960 3448 et

446 3492 693 3556 ratione
756 3491 1039 3575 primum
1104 3494 1317 3555 essent
1382 3491 1717 3577 aggressi?
1819 3489 2072 3555 Floruit
2134 3489 2310 3553 haud
2373 3489 2569 3555 dubie
2627 3490 2958 3576 Carthagi-

445 3598 766 3663 niensium
821 3597 1046 3662 civitas
1101 3597 1231 3661 iam
1274 3598 1352 3663 V.
1410 3599 1689 3685 saeculo3
1750 3621 2029 3684 namque
2087 3620 2233 3663 cum
2287 3596 2732 3684 gravissimam
2779 3597 2960 3661 illam

446 3705 691 3770 cladem
753 3703 1201 3767 Himerensem
1275 3705 1672 3789 accepissent
1689 3712 1741 3789 ,'
1783 3707 2110 3771 desierunt
2180 3727 2307 3789 qua
2371 3708 2553 3769 erant
2617 3704 2962 3790 prudentia

443 3812 611 3876 vires
667 3810 1036 3897 dispergere
1092 3810 1579 3896 periculosaque
1635 3834 1783 3877 cum
1829 3811 2087 3877 Graecis
2148 3811 2321 3875 bella
2365 3832 2589 3897 gerere
2636 3810 2702 3875 id
2749 3811 2960 3876 solum

448 3922 829 4004 spectanteS,
876 3921 949 3981 ut
993 3917 1268 4001 Libyam
1314 3918 1521 4003 ipsam
1566 3918 1636 3982 in
1681 3918 2000 3983 dicionem
2047 3940 2230 3982 suam
2275 3917 2642 4003 redigerent
2689 3923 2755 3983 et
2803 3941 2963 4003 quas

447 4025 832 4091 firmissimis
878 4024 1008 4089 iam
1053 4008 1391 4109 praesidiis
1429 4026 1743 4089 tenebant
1779 4025 2063 4091 colonias
2103 4063 2186 4071 —-
2224 4023 2508 4090 Ibericas
2545 4026 2960 4111 potissimum

449 4134 589 4198 dico
638 4171 722 4179 —-
771 4131 1140 4198 retinerent.
1223 4132 1324 4197 Ita
1368 4134 1629 4218 factum,
1676 4137 1750 4197 ut
1798 4155 1992 4219 quam
2038 4133 2312 4197 antehac
2358 4133 2429 4198 in
2476 4133 2648 4198 bella
2694 4136 2960 4197 externa

449 4241 729 4328 gerenda
784 4244 1125 4326 erogarant
1171 4240 1511 4324 pecuniam
1558 4242 1638 4305 ad
1685 4239 1975 4325 emporia
2021 4239 2350 4304 condenda
2396 4243 2460 4303 et
2506 4238 2960 4325 commercium

449 4349 813 4436 augendum
876 4347 1349 4434 impenderent,
1414 4348 1622 4435 magis
1687 4352 1904 4436 autem
1966 4347 2304 4434 magisque
2370 4346 2437 4410 in
2508 4346 2644 4411 dies
2710 4345 2964 4411 efflore-

451 4456 781 4521 scentibus
869 4460 1228 4520 mercatura
1320 4458 1385 4518 et
1464 4454 1909 4540 negotiatione
1999 4453 2371 4519 felicissima
2451 4456 2592 4518 tum
2677 4453 2961 4518 civitatis

452 4567 747 4649 tempora
820 4568 1038 4649 erant,
1112 4561 1519 4649 gravioribus
1582 4584 1715 4625 non
1787 4563 2051 4626 turbata
2117 4562 2333 4626 bellis:
2410 4583 2571 4646 quae
2641 4560 2785 4645 ipsa
2859 4584 2975 4651 resv

1269 4678 1270 4681 ,
2457 4672 2484 4719 7
2500 4666 2529 4698 ¹ss
