<?xml version="1.0" encoding="UTF-8"?>
<!DOCTYPE html PUBLIC "-//W3C//DTD XHTML 1.0 Transitional//EN"
    "http://www.w3.org/TR/xhtml1/DTD/xhtml1-transitional.dtd">
<html xmlns="http://www.w3.org/1999/xhtml" xml:lang="en" lang="en">
 <head>
  <title>
</title>
<meta http-equiv="Content-Type" content="text/html;charset=utf-8" />
  <meta name='ocr-system' content='tesseract 3.04.00' />
  <meta name='ocr-capabilities' content='ocr_page ocr_carea ocr_par ocr_line ocrx_word'/>
</head>
<body>
  <div class='ocr_page' id='page_1' title='image "./dehannoniscarth00fiscgoog_0117.png"; bbox 0 0 3467 5334; ppageno 0'>
   <div class='ocr_carea' id='block_1_1' title="bbox 1330 1305 1912 1401">
    <p class='ocr_par' dir='ltr' id='par_1_1' title="bbox 1330 1305 1912 1401">
     <span class='ocr_line' id='line_1_1' title="bbox 1330 1305 1912 1401; baseline 0 -23"><span class='ocrx_word' id='word_1_1' title='bbox 1330 1305 1702 1401; x_wconf 74' lang='lat' dir='ltr'>Caput</span> <span class='ocrx_word' id='word_1_2' title='bbox 1756 1305 1912 1378; x_wconf 87' lang='grc' dir='ltr'>ΠΙ.</span> 
     </span>
    </p>
   </div>
   <div class='ocr_carea' id='block_1_2' title="bbox 360 1477 2876 4133">
    <p class='ocr_par' dir='ltr' id='par_1_2' title="bbox 364 1477 2875 1778">
     <span class='ocr_line' id='line_1_2' title="bbox 548 1477 2875 1571; baseline 0.003 -31"><span class='ocrx_word' id='word_1_3' title='bbox 548 1477 775 1541; x_wconf 86' lang='lat' dir='ltr'>Restat</span> <span class='ocrx_word' id='word_1_4' title='bbox 821 1500 949 1541; x_wconf 91' lang='lat' dir='ltr'>una</span> <span class='ocrx_word' id='word_1_5' title='bbox 995 1479 1552 1544; x_wconf 88' lang='lat' dir='ltr'>commentationis</span> <span class='ocrx_word' id='word_1_6' title='bbox 1597 1484 1856 1544; x_wconf 89' lang='lat' dir='ltr'>nostrae</span> <span class='ocrx_word' id='word_1_7' title='bbox 1901 1503 2068 1565; x_wconf 76' lang='lat' dir='ltr'>parS,</span> <span class='ocrx_word' id='word_1_8' title='bbox 2115 1485 2188 1544; x_wconf 89' lang='lat' dir='ltr'>ut</span> <span class='ocrx_word' id='word_1_9' title='bbox 2229 1505 2355 1565; x_wconf 91' lang='lat' dir='ltr'>quo</span> <span class='ocrx_word' id='word_1_10' title='bbox 2394 1487 2686 1570; x_wconf 90' lang='lat' dir='ltr'>tempore</span> <span class='ocrx_word' id='word_1_11' title='bbox 2727 1507 2875 1571; x_wconf 90' lang='lat' dir='ltr'>qua-</span> 
     </span>
     <span class='ocr_line' id='line_1_3' title="bbox 372 1583 2875 1675; baseline 0.003 -29"><span class='ocrx_word' id='word_1_12' title='bbox 372 1605 495 1667; x_wconf 90' lang='lat' dir='ltr'>que</span> <span class='ocrx_word' id='word_1_13' title='bbox 559 1584 662 1647; x_wconf 85' lang='lat' dir='ltr'>via</span> <span class='ocrx_word' id='word_1_14' title='bbox 717 1583 1052 1648; x_wconf 88' lang='lat' dir='ltr'>Hannonis</span> <span class='ocrx_word' id='word_1_15' title='bbox 1117 1586 1409 1670; x_wconf 88' lang='lat' dir='ltr'>periplus</span> <span class='ocrx_word' id='word_1_16' title='bbox 1465 1586 1722 1651; x_wconf 81' lang='lat' dir='ltr'>Graecis</span> <span class='ocrx_word' id='word_1_17' title='bbox 1787 1587 2141 1651; x_wconf 75' lang='lat' dir='ltr'>innotuerit</span> <span class='ocrx_word' id='word_1_18' title='bbox 2208 1594 2640 1675; x_wconf 88' lang='lat' dir='ltr'>quantamque</span> <span class='ocrx_word' id='word_1_19' title='bbox 2701 1591 2875 1675; x_wconf 92' lang='lat' dir='ltr'>apud</span> 
     </span>
     <span class='ocr_line' id='line_1_4' title="bbox 364 1691 2336 1778; baseline 0.003 -25"><span class='ocrx_word' id='word_1_20' title='bbox 364 1694 661 1772; x_wconf 88' lang='lat' dir='ltr'>posteros</span> <span class='ocrx_word' id='word_1_21' title='bbox 704 1691 1007 1756; x_wconf 89' lang='lat' dir='ltr'>habuerit</span> <span class='ocrx_word' id='word_1_22' title='bbox 1052 1691 1185 1756; x_wconf 84' lang='lat' dir='ltr'>vim</span> <span class='ocrx_word' id='word_1_23' title='bbox 1230 1696 1423 1777; x_wconf 88' lang='lat' dir='ltr'>atque</span> <span class='ocrx_word' id='word_1_24' title='bbox 1471 1694 1922 1758; x_wconf 85' lang='lat' dir='ltr'>auctoritatem</span> <span class='ocrx_word' id='word_1_25' title='bbox 1979 1700 2336 1778; x_wconf 75' lang='lat' dir='ltr'>quaeratur.</span> 
     </span>
    </p>

    <p class='ocr_par' dir='ltr' id='par_1_3' title="bbox 360 1796 2876 4133">
     <span class='ocr_line' id='line_1_5' title="bbox 539 1796 2874 1889; baseline 0.001 -26"><span class='ocrx_word' id='word_1_26' title='bbox 539 1796 688 1863; x_wconf 89' lang='lat' dir='ltr'>Non</span> <span class='ocrx_word' id='word_1_27' title='bbox 754 1798 997 1882; x_wconf 88' lang='lat' dir='ltr'>poterit</span> <span class='ocrx_word' id='word_1_28' title='bbox 1060 1820 1211 1862; x_wconf 80' lang='lat' dir='ltr'>vero</span> <span class='ocrx_word' id='word_1_29' title='bbox 1277 1803 1419 1864; x_wconf 90' lang='lat' dir='ltr'>tuto</span> <span class='ocrx_word' id='word_1_30' title='bbox 1485 1801 1741 1865; x_wconf 87' lang='lat' dir='ltr'>institui</span> <span class='ocrx_word' id='word_1_31' title='bbox 1806 1802 1964 1866; x_wconf 90' lang='lat' dir='ltr'>haec</span> <span class='ocrx_word' id='word_1_32' title='bbox 2023 1802 2152 1887; x_wconf 85' lang='lat' dir='ltr'>via,</span> <span class='ocrx_word' id='word_1_33' title='bbox 2215 1803 2341 1867; x_wconf 83' lang='lat' dir='ltr'>nisi</span> <span class='ocrx_word' id='word_1_34' title='bbox 2400 1804 2518 1889; x_wconf 90' lang='lat' dir='ltr'>ita,</span> <span class='ocrx_word' id='word_1_35' title='bbox 2582 1808 2655 1868; x_wconf 89' lang='lat' dir='ltr'>ut</span> <span class='ocrx_word' id='word_1_36' title='bbox 2711 1826 2874 1888; x_wconf 89' lang='lat' dir='ltr'>quae</span> 
     </span>
     <span class='ocr_line' id='line_1_6' title="bbox 369 1904 2876 1994; baseline 0.003 -27"><span class='ocrx_word' id='word_1_37' title='bbox 369 1905 628 1969; x_wconf 83' lang='lat' dir='ltr'>omnino</span> <span class='ocrx_word' id='word_1_38' title='bbox 685 1929 722 1968; x_wconf 95' lang='lat' dir='ltr'>a</span> <span class='ocrx_word' id='word_1_39' title='bbox 777 1904 1071 1989; x_wconf 85' lang='lat' dir='ltr'>pristinis</span> <span class='ocrx_word' id='word_1_40' title='bbox 1127 1907 1534 1990; x_wconf 70' lang='lat' dir='ltr'>temporibus</span> <span class='ocrx_word' id='word_1_41' title='bbox 1590 1909 1671 1972; x_wconf 90' lang='lat' dir='ltr'>ad</span> <span class='ocrx_word' id='word_1_42' title='bbox 1725 1908 2165 1973; x_wconf 88' lang='lat' dir='ltr'>recentissima</span> <span class='ocrx_word' id='word_1_43' title='bbox 2220 1931 2422 1994; x_wconf 87' lang='lat' dir='ltr'>usque</span> <span class='ocrx_word' id='word_1_44' title='bbox 2479 1911 2556 1974; x_wconf 94' lang='lat' dir='ltr'>de</span> <span class='ocrx_word' id='word_1_45' title='bbox 2613 1910 2876 1975; x_wconf 86' lang='lat' dir='ltr'>occidua</span> 
     </span>
     <span class='ocr_line' id='line_1_7' title="bbox 363 2010 2874 2100; baseline 0.003 -27"><span class='ocrx_word' id='word_1_46' title='bbox 363 2010 609 2095; x_wconf 84' lang='lat' dir='ltr'>Libyae</span> <span class='ocrx_word' id='word_1_47' title='bbox 674 2035 785 2076; x_wconf 92' lang='lat' dir='ltr'>ora</span> <span class='ocrx_word' id='word_1_48' title='bbox 848 2011 1085 2076; x_wconf 89' lang='lat' dir='ltr'>tradita</span> <span class='ocrx_word' id='word_1_49' title='bbox 1143 2012 1507 2095; x_wconf 88' lang='lat' dir='ltr'>accepimus</span> <span class='ocrx_word' id='word_1_50' title='bbox 1573 2014 2047 2100; x_wconf 81' lang='lat' dir='ltr'>examinentur,</span> <span class='ocrx_word' id='word_1_51' title='bbox 2099 2017 2425 2100; x_wconf 89' lang='lat' dir='ltr'>numquid</span> <span class='ocrx_word' id='word_1_52' title='bbox 2482 2021 2742 2082; x_wconf 90' lang='lat' dir='ltr'>eruatur</span> <span class='ocrx_word' id='word_1_53' title='bbox 2798 2018 2874 2081; x_wconf 92' lang='lat' dir='ltr'>de</span> 
     </span>
     <span class='ocr_line' id='line_1_8' title="bbox 366 2119 2875 2208; baseline 0.002 -28"><span class='ocrx_word' id='word_1_54' title='bbox 366 2140 588 2183; x_wconf 89' lang='lat' dir='ltr'>eorum</span> <span class='ocrx_word' id='word_1_55' title='bbox 650 2119 942 2183; x_wconf 88' lang='lat' dir='ltr'>fontibus</span> <span class='ocrx_word' id='word_1_56' title='bbox 952 2171 969 2204; x_wconf 95' lang='lat'>,</span> <span class='ocrx_word' id='word_1_57' title='bbox 1034 2123 1485 2203; x_wconf 89' lang='lat' dir='ltr'>praeterquam</span> <span class='ocrx_word' id='word_1_58' title='bbox 1553 2121 1724 2204; x_wconf 94' lang='lat' dir='ltr'>quod</span> <span class='ocrx_word' id='word_1_59' title='bbox 1779 2121 2288 2186; x_wconf 80' lang='lat' dir='ltr'>vetustissimum</span> <span class='ocrx_word' id='word_1_60' title='bbox 2344 2127 2698 2208; x_wconf 74' lang='lat' dir='ltr'>auctorem,</span> <span class='ocrx_word' id='word_1_61' title='bbox 2765 2124 2875 2207; x_wconf 93' lang='lat' dir='ltr'>qui</span> 
     </span>
     <span class='ocr_line' id='line_1_9' title="bbox 363 2225 2872 2315; baseline 0.003 -28"><span class='ocrx_word' id='word_1_62' title='bbox 363 2225 569 2289; x_wconf 85' lang='lat' dir='ltr'>fusius</span> <span class='ocrx_word' id='word_1_63' title='bbox 615 2226 691 2289; x_wconf 93' lang='lat' dir='ltr'>de</span> <span class='ocrx_word' id='word_1_64' title='bbox 735 2226 1112 2290; x_wconf 88' lang='lat' dir='ltr'>occidentali</span> <span class='ocrx_word' id='word_1_65' title='bbox 1150 2227 1340 2290; x_wconf 89' lang='lat' dir='ltr'>litore</span> <span class='ocrx_word' id='word_1_66' title='bbox 1379 2228 1532 2314; x_wconf 90' lang='lat' dir='ltr'>egit,</span> <span class='ocrx_word' id='word_1_67' title='bbox 1578 2229 2045 2292; x_wconf 78' lang='lat' dir='ltr'>Hecataeum</span> <span class='ocrx_word' id='word_1_68' title='bbox 2081 2228 2406 2294; x_wconf 88' lang='lat' dir='ltr'>Milesium</span> <span class='ocrx_word' id='word_1_69' title='bbox 2444 2231 2603 2315; x_wconf 91' lang='lat' dir='ltr'>dic0,</span> <span class='ocrx_word' id='word_1_70' title='bbox 2650 2233 2872 2294; x_wconf 89' lang='lat' dir='ltr'>nostro</span> 
     </span>
     <span class='ocr_line' id='line_1_10' title="bbox 365 2331 2874 2423; baseline 0.002 -28"><span class='ocrx_word' id='word_1_71' title='bbox 365 2331 501 2396; x_wconf 89' lang='lat' dir='ltr'>iure</span> <span class='ocrx_word' id='word_1_72' title='bbox 547 2333 989 2419; x_wconf 82' lang='lat' dir='ltr'>neglegemuS,</span> <span class='ocrx_word' id='word_1_73' title='bbox 1038 2356 1071 2397; x_wconf 94' lang='lat' dir='ltr'>e</span> <span class='ocrx_word' id='word_1_74' title='bbox 1120 2334 1300 2398; x_wconf 88' lang='lat' dir='ltr'>cuius</span> <span class='ocrx_word' id='word_1_75' title='bbox 1347 2335 1747 2419; x_wconf 89' lang='lat' dir='ltr'>amplissimo</span> <span class='ocrx_word' id='word_1_76' title='bbox 1797 2358 1990 2420; x_wconf 93' lang='lat' dir='ltr'>opere</span> <span class='ocrx_word' id='word_1_77' title='bbox 2037 2336 2162 2399; x_wconf 90' lang='lat' dir='ltr'>tria</span> <span class='ocrx_word' id='word_1_78' title='bbox 2207 2340 2463 2400; x_wconf 89' lang='lat' dir='ltr'>tantum</span> <span class='ocrx_word' id='word_1_79' title='bbox 2509 2337 2874 2423; x_wconf 83' lang='lat' dir='ltr'>fragmenta</span> 
     </span>
     <span class='ocr_line' id='line_1_11' title="bbox 364 2439 2873 2529; baseline 0.002 -28"><span class='ocrx_word' id='word_1_80' title='bbox 364 2439 446 2502; x_wconf 92' lang='lat' dir='ltr'>ad</span> <span class='ocrx_word' id='word_1_81' title='bbox 496 2444 785 2504; x_wconf 91' lang='lat' dir='ltr'>nostram</span> <span class='ocrx_word' id='word_1_82' title='bbox 840 2440 1169 2524; x_wconf 89' lang='lat' dir='ltr'>pertinent</span> <span class='ocrx_word' id='word_1_83' title='bbox 1225 2442 1580 2529; x_wconf 81' lang='lat' dir='ltr'>regionem,</span> <span class='ocrx_word' id='word_1_84' title='bbox 1646 2445 1771 2507; x_wconf 89' lang='lat' dir='ltr'>duo</span> <span class='ocrx_word' id='word_1_85' title='bbox 1831 2442 2090 2527; x_wconf 90' lang='lat' dir='ltr'>quidem</span> <span class='ocrx_word' id='word_1_86' title='bbox 2146 2447 2395 2506; x_wconf 85' lang='lat' dir='ltr'>servata</span> <span class='ocrx_word' id='word_1_87' title='bbox 2450 2466 2488 2506; x_wconf 94' lang='lat' dir='ltr'>a</span> <span class='ocrx_word' id='word_1_88' title='bbox 2542 2443 2873 2528; x_wconf 90' lang='lat' dir='ltr'>Stephano</span> 
     </span>
     <span class='ocr_line' id='line_1_12' title="bbox 360 2545 2875 2633; baseline 0.002 -25"><span class='ocrx_word' id='word_1_89' title='bbox 360 2545 700 2632; x_wconf 75' lang='lat' dir='ltr'>Byzantio,</span> <span class='ocrx_word' id='word_1_90' title='bbox 767 2571 967 2612; x_wconf 93' lang='lat' dir='ltr'>unum</span> <span class='ocrx_word' id='word_1_91' title='bbox 1021 2547 1373 2612; x_wconf 91' lang='lat' dir='ltr'>Herodiani</span> <span class='ocrx_word' id='word_1_92' title='bbox 1440 2572 1638 2633; x_wconf 89' lang='lat' dir='ltr'>opera</span> <span class='ocrx_word' id='word_1_93' title='bbox 1703 2551 1786 2614; x_wconf 96' lang='lat' dir='ltr'>ab</span> <span class='ocrx_word' id='word_1_94' title='bbox 1855 2548 2132 2613; x_wconf 85' lang='lat' dir='ltr'>olivione</span> <span class='ocrx_word' id='word_1_95' title='bbox 2197 2549 2608 2615; x_wconf 83' lang='lat' dir='ltr'>vindicatum.</span> <span class='ocrx_word' id='word_1_96' title='bbox 2711 2549 2875 2614; x_wconf 84' lang='lat' dir='ltr'>Sunt</span> 
     </span>
     <span class='ocr_line' id='line_1_13' title="bbox 361 2652 2873 2745; baseline 0.001 -28"><span class='ocrx_word' id='word_1_97' title='bbox 361 2652 544 2718; x_wconf 86' lang='lat' dir='ltr'>haec:</span> <span class='ocrx_word' id='word_1_98' title='bbox 596 2652 663 2739; x_wconf 90' lang='lat'>1)</span> <span class='ocrx_word' id='word_1_99' title='bbox 702 2659 951 2739; x_wconf 75' lang='grc' dir='ltr'><em>Θρίγκη</em></span> <span class='ocrx_word' id='word_1_100' title='bbox 1000 2657 1188 2730; x_wconf 80' lang='grc' dir='ltr'><strong><em>πόλις</em></strong></span> <span class='ocrx_word' id='word_1_101' title='bbox 1234 2655 1382 2740; x_wconf 80' lang='grc' dir='ltr'><em>περὶ</em></span> <span class='ocrx_word' id='word_1_102' title='bbox 1429 2659 1544 2733; x_wconf 79' lang='grc' dir='ltr'>τὰς</span> <span class='ocrx_word' id='word_1_103' title='bbox 1582 2661 1838 2739; x_wconf 80' lang='grc' dir='ltr'>στήλας.</span> <span class='ocrx_word' id='word_1_104' title='bbox 1905 2653 2244 2732; x_wconf 80' lang='grc' dir='ltr'><strong><em>Ἑκαταῖος</em></strong></span> <span class='ocrx_word' id='word_1_105' title='bbox 2274 2654 2458 2743; x_wconf 76' lang='grc' dir='ltr'>Ἀσίᾳ</span> <span class='ocrx_word' id='word_1_106' title='bbox 2504 2656 2612 2745; x_wconf 87' lang='lat' dir='ltr'>(cf.</span> <span class='ocrx_word' id='word_1_107' title='bbox 2653 2656 2873 2742; x_wconf 91' lang='lat' dir='ltr'>Steph.</span> 
     </span>
     <span class='ocr_line' id='line_1_14' title="bbox 364 2759 2873 2850; baseline 0.002 -27"><span class='ocrx_word' id='word_1_108' title='bbox 364 2759 512 2843; x_wconf 83' lang='lat' dir='ltr'>Byz.</span> <span class='ocrx_word' id='word_1_109' title='bbox 561 2784 607 2825; x_wconf 89' lang='lat' dir='ltr'>s.</span> <span class='ocrx_word' id='word_1_110' title='bbox 653 2785 709 2825; x_wconf 86' lang='lat' dir='ltr'>v.</span> <span class='ocrx_word' id='word_1_111' title='bbox 759 2760 1068 2849; x_wconf 80' lang='grc' dir='ltr'>Θρίγκη);</span> <span class='ocrx_word' id='word_1_112' title='bbox 1124 2759 1196 2848; x_wconf 81' lang='grc'>2)</span> <span class='ocrx_word' id='word_1_113' title='bbox 1243 2764 1454 2846; x_wconf 74' lang='grc' dir='ltr'><em>Θίγγη</em></span> <span class='ocrx_word' id='word_1_114' title='bbox 1509 2766 1698 2843; x_wconf 79' lang='grc' dir='ltr'><em>πόλις</em></span> <span class='ocrx_word' id='word_1_115' title='bbox 1745 2764 2022 2846; x_wconf 79' lang='grc' dir='ltr'>Λιβύης.</span> <span class='ocrx_word' id='word_1_116' title='bbox 2103 2760 2446 2840; x_wconf 76' lang='grc' dir='ltr'><strong><em>Ἑκαταῖος</em></strong></span> <span class='ocrx_word' id='word_1_117' title='bbox 2491 2766 2873 2850; x_wconf 78' lang='grc' dir='ltr'><em>περιηγήσει</em></span> 
     </span>
     <span class='ocr_line' id='line_1_15' title="bbox 362 2865 2874 2955; baseline 0.002 -25"><span class='ocrx_word' id='word_1_118' title='bbox 362 2865 471 2954; x_wconf 85' lang='lat' dir='ltr'>(cf.</span> <span class='ocrx_word' id='word_1_119' title='bbox 520 2867 741 2952; x_wconf 86' lang='lat' dir='ltr'>Steph.</span> <span class='ocrx_word' id='word_1_120' title='bbox 787 2868 939 2951; x_wconf 82' lang='lat' dir='ltr'>Byz.</span> <span class='ocrx_word' id='word_1_121' title='bbox 990 2890 1036 2931; x_wconf 79' lang='lat' dir='ltr'>S.</span> <span class='ocrx_word' id='word_1_122' title='bbox 1082 2890 1139 2931; x_wconf 84' lang='lat' dir='ltr'>v.</span> <span class='ocrx_word' id='word_1_123' title='bbox 1191 2869 1459 2955; x_wconf 75' lang='grc' dir='ltr'><em>Θίγγη);</em></span> <span class='ocrx_word' id='word_1_124' title='bbox 1524 2865 1596 2954; x_wconf 88' lang='lat'>3)</span> <span class='ocrx_word' id='word_1_125' title='bbox 1659 2868 1958 2954; x_wconf 78' lang='grc' dir='ltr'><em>Δούριζα</em></span> <span class='ocrx_word' id='word_1_126' title='bbox 2015 2873 2212 2954; x_wconf 84' lang='grc' dir='ltr'><em>λίμνη</em></span> <span class='ocrx_word' id='word_1_127' title='bbox 2268 2872 2446 2955; x_wconf 79' lang='grc' dir='ltr'><strong><em>παρὰ</em></strong></span> <span class='ocrx_word' id='word_1_128' title='bbox 2499 2872 2618 2935; x_wconf 88' lang='grc' dir='ltr'>τὸν</span> <span class='ocrx_word' id='word_1_129' title='bbox 2664 2875 2874 2949; x_wconf 82' lang='grc' dir='ltr'><em>Λίζοιν</em></span> 
     </span>
     <span class='ocr_line' id='line_1_16' title="bbox 362 2971 2873 3062; baseline 0.002 -23"><span class='ocrx_word' id='word_1_130' title='bbox 362 2978 677 3058; x_wconf 81' lang='grc' dir='ltr'>ποταμόν.</span> <span class='ocrx_word' id='word_1_131' title='bbox 733 2971 1072 3051; x_wconf 76' lang='grc' dir='ltr'><strong><em>Ἑκαταῖος</em></strong></span> <span class='ocrx_word' id='word_1_132' title='bbox 1106 2980 1486 3061; x_wconf 78' lang='grc' dir='ltr'><em>περιηγήσει</em></span> <span class='ocrx_word' id='word_1_133' title='bbox 1507 2973 1752 3053; x_wconf 79' lang='grc' dir='ltr'><em>Ἀσίας·</em></span> <span class='ocrx_word' id='word_1_134' title='bbox 1794 2976 1903 3060; x_wconf 49' lang='grc' dir='ltr'>(τῇ</span> <span class='ocrx_word' id='word_1_135' title='bbox 1943 2971 2016 3039; x_wconf 73' lang='grc' dir='ltr'>δὲ</span> <span class='ocrx_word' id='word_1_136' title='bbox 2054 2978 2253 3062; x_wconf 73' lang='grc' dir='ltr'><em>λίμνῃ</em></span> <span class='ocrx_word' id='word_1_137' title='bbox 2282 2978 2578 3062; x_wconf 76' lang='grc' dir='ltr'><em>Δούριζα</em></span> <span class='ocrx_word' id='word_1_138' title='bbox 2618 2977 2873 3062; x_wconf 74' lang='grc' dir='ltr'><em>οὔνομα</em></span> 
     </span>
     <span class='ocr_line' id='line_1_17' title="bbox 363 3079 2873 3171; baseline 0.001 -27"><span class='ocrx_word' id='word_1_139' title='bbox 363 3080 470 3169; x_wconf 88' lang='lat' dir='ltr'>(cf.</span> <span class='ocrx_word' id='word_1_140' title='bbox 509 3079 745 3145; x_wconf 87' lang='lat' dir='ltr'>Herod.</span> <span class='ocrx_word' id='word_1_141' title='bbox 793 3079 940 3164; x_wconf 81' lang='grc' dir='ltr'><em>περὶ</em></span> <span class='ocrx_word' id='word_1_142' title='bbox 988 3083 1323 3164; x_wconf 79' lang='grc' dir='ltr'><em>μονήρους</em></span> <span class='ocrx_word' id='word_1_143' title='bbox 1359 3082 1593 3162; x_wconf 76' lang='grc' dir='ltr'><em>λέξεως</em></span> <span class='ocrx_word' id='word_1_144' title='bbox 1627 3082 1691 3147; x_wconf 95' lang='grc' dir='ltr'>Π</span> <span class='ocrx_word' id='word_1_145' title='bbox 1719 3085 1824 3168; x_wconf 82' lang='grc'>31,</span> <span class='ocrx_word' id='word_1_146' title='bbox 1853 3084 1965 3168; x_wconf 79' lang='lat'>253</span> <span class='ocrx_word' id='word_1_147' title='bbox 2004 3084 2080 3147; x_wconf 89' lang='lat' dir='ltr'>cf.</span> <span class='ocrx_word' id='word_1_148' title='bbox 2120 3084 2194 3147; x_wconf 89' lang='lat' dir='ltr'>fr.</span> <span class='ocrx_word' id='word_1_149' title='bbox 2226 3085 2372 3150; x_wconf 76' lang='lat'>325.</span> <span class='ocrx_word' id='word_1_150' title='bbox 2413 3086 2559 3150; x_wconf 82' lang='lat'>326.</span> <span class='ocrx_word' id='word_1_151' title='bbox 2599 3081 2873 3171; x_wconf 78' lang='lat' dir='ltr'>328M.).</span> 
     </span>
     <span class='ocr_line' id='line_1_18' title="bbox 360 3186 2870 3277; baseline 0.002 -26"><span class='ocrx_word' id='word_1_152' title='bbox 360 3187 461 3252; x_wconf 93' lang='lat' dir='ltr'>De</span> <span class='ocrx_word' id='word_1_153' title='bbox 506 3187 638 3252; x_wconf 79' lang='lat' dir='ltr'>iles</span> <span class='ocrx_word' id='word_1_154' title='bbox 674 3186 988 3272; x_wconf 83' lang='lat' dir='ltr'>Stephani</span> <span class='ocrx_word' id='word_1_155' title='bbox 1026 3187 1261 3273; x_wconf 83' lang='lat' dir='ltr'>glossis</span> <span class='ocrx_word' id='word_1_156' title='bbox 1299 3211 1497 3272; x_wconf 88' lang='lat' dir='ltr'>supra</span> <span class='ocrx_word' id='word_1_157' title='bbox 1535 3189 1666 3276; x_wconf 69' lang='lat' dir='ltr'>egi,</span> <span class='ocrx_word' id='word_1_158' title='bbox 1713 3190 1790 3253; x_wconf 93' lang='lat' dir='ltr'>de</span> <span class='ocrx_word' id='word_1_159' title='bbox 1827 3187 2180 3253; x_wconf 84' lang='lat' dir='ltr'>Herodiani</span> <span class='ocrx_word' id='word_1_160' title='bbox 2218 3190 2359 3255; x_wconf 91' lang='lat' dir='ltr'>loco</span> <span class='ocrx_word' id='word_1_161' title='bbox 2399 3212 2605 3275; x_wconf 91' lang='lat' dir='ltr'>pauca</span> <span class='ocrx_word' id='word_1_162' title='bbox 2640 3191 2870 3277; x_wconf 87' lang='lat' dir='ltr'>habe0,</span> 
     </span>
     <span class='ocr_line' id='line_1_19' title="bbox 364 3293 2873 3383; baseline 0.002 -25"><span class='ocrx_word' id='word_1_163' title='bbox 364 3318 526 3379; x_wconf 91' lang='lat' dir='ltr'>quae</span> <span class='ocrx_word' id='word_1_164' title='bbox 574 3295 826 3359; x_wconf 87' lang='lat' dir='ltr'>addam:</span> <span class='ocrx_word' id='word_1_165' title='bbox 872 3293 1171 3370; x_wconf 84' lang='lat' dir='ltr'>videlicet</span> <span class='ocrx_word' id='word_1_166' title='bbox 1207 3297 1379 3358; x_wconf 90' lang='lat' dir='ltr'>recte</span> <span class='ocrx_word' id='word_1_167' title='bbox 1418 3295 1828 3360; x_wconf 89' lang='lat' dir='ltr'>coniecerunt</span> <span class='ocrx_word' id='word_1_168' title='bbox 1865 3295 1986 3360; x_wconf 85' lang='lat' dir='ltr'>viri</span> <span class='ocrx_word' id='word_1_169' title='bbox 2026 3295 2215 3380; x_wconf 89' lang='lat' dir='ltr'>docti,</span> <span class='ocrx_word' id='word_1_170' title='bbox 2260 3299 2600 3380; x_wconf 81' lang='grc' dir='ltr'><em>Δούριζαν</em></span> <span class='ocrx_word' id='word_1_171' title='bbox 2631 3302 2873 3383; x_wconf 81' lang='grc' dir='ltr'><em>λίμνην</em></span> 
     </span>
     <span class='ocr_line' id='line_1_20' title="bbox 364 3401 2872 3490; baseline 0.002 -24"><span class='ocrx_word' id='word_1_172' title='bbox 364 3425 501 3467; x_wconf 88' lang='lat' dir='ltr'>esse</span> <span class='ocrx_word' id='word_1_173' title='bbox 538 3403 915 3467; x_wconf 88' lang='lat' dir='ltr'>hodiernam</span> <span class='ocrx_word' id='word_1_174' title='bbox 954 3403 1269 3486; x_wconf 63' lang='lat' dir='ltr'>Merch&#39;am</span> <span class='ocrx_word' id='word_1_175' title='bbox 1307 3402 1443 3467; x_wconf 85' lang='lat' dir='ltr'>Ras</span> <span class='ocrx_word' id='word_1_176' title='bbox 1477 3405 1581 3468; x_wconf 82' lang='lat' dir='ltr'>ed-</span> <span class='ocrx_word' id='word_1_177' title='bbox 1593 3401 1871 3490; x_wconf 70' lang='lat' dir='ltr'>Dura¹);</span> <span class='ocrx_word' id='word_1_178' title='bbox 1923 3402 2094 3487; x_wconf 89' lang='lat' dir='ltr'>quod</span> <span class='ocrx_word' id='word_1_179' title='bbox 2128 3404 2351 3468; x_wconf 83' lang='lat' dir='ltr'>solum</span> <span class='ocrx_word' id='word_1_180' title='bbox 2398 3405 2657 3469; x_wconf 89' lang='lat' dir='ltr'>obstare</span> <span class='ocrx_word' id='word_1_181' title='bbox 2703 3405 2872 3470; x_wconf 84' lang='lat' dir='ltr'>vide-</span> 
     </span>
     <span class='ocr_line' id='line_1_21' title="bbox 362 3508 2872 3596; baseline 0 -22"><span class='ocrx_word' id='word_1_182' title='bbox 362 3511 581 3596; x_wconf 88' lang='lat' dir='ltr'>batur,</span> <span class='ocrx_word' id='word_1_183' title='bbox 640 3510 982 3594; x_wconf 79' lang='lat' dir='ltr'>quominus</span> <span class='ocrx_word' id='word_1_184' title='bbox 1035 3508 1192 3574; x_wconf 90' lang='lat' dir='ltr'>haec</span> <span class='ocrx_word' id='word_1_185' title='bbox 1247 3509 1469 3595; x_wconf 88' lang='lat' dir='ltr'>opinio</span> <span class='ocrx_word' id='word_1_186' title='bbox 1520 3511 1712 3575; x_wconf 92' lang='lat' dir='ltr'>fidem</span> <span class='ocrx_word' id='word_1_187' title='bbox 1759 3509 2103 3595; x_wconf 85' lang='lat' dir='ltr'>inveniret,</span> <span class='ocrx_word' id='word_1_188' title='bbox 2157 3534 2291 3576; x_wconf 94' lang='lat' dir='ltr'>non</span> <span class='ocrx_word' id='word_1_189' title='bbox 2338 3511 2599 3576; x_wconf 83' lang='lat' dir='ltr'>difficile</span> <span class='ocrx_word' id='word_1_190' title='bbox 2648 3514 2746 3575; x_wconf 88' lang='lat' dir='ltr'>est</span> <span class='ocrx_word' id='word_1_191' title='bbox 2793 3512 2872 3575; x_wconf 88' lang='lat' dir='ltr'>ad</span> 
     </span>
     <span class='ocr_line' id='line_1_22' title="bbox 362 3615 2874 3705; baseline -0 -23"><span class='ocrx_word' id='word_1_192' title='bbox 362 3617 744 3682; x_wconf 90' lang='lat' dir='ltr'>tollendum:</span> <span class='ocrx_word' id='word_1_193' title='bbox 792 3616 972 3680; x_wconf 88' lang='lat' dir='ltr'>audit</span> <span class='ocrx_word' id='word_1_194' title='bbox 1007 3615 1240 3681; x_wconf 88' lang='lat' dir='ltr'>fluvius</span> <span class='ocrx_word' id='word_1_195' title='bbox 1277 3616 1405 3703; x_wconf 90' lang='lat' dir='ltr'>ille,</span> <span class='ocrx_word' id='word_1_196' title='bbox 1453 3617 1555 3681; x_wconf 86' lang='lat' dir='ltr'>cui</span> <span class='ocrx_word' id='word_1_197' title='bbox 1592 3619 1889 3705; x_wconf 79' lang='grc' dir='ltr'><em>Δούριζα</em></span> <span class='ocrx_word' id='word_1_198' title='bbox 1927 3622 2124 3702; x_wconf 83' lang='grc' dir='ltr'><em>λίμνη</em></span> <span class='ocrx_word' id='word_1_199' title='bbox 2164 3618 2427 3704; x_wconf 89' lang='lat' dir='ltr'>adiacet,</span> <span class='ocrx_word' id='word_1_200' title='bbox 2466 3622 2686 3701; x_wconf 79' lang='grc' dir='ltr'><em>Λίζας,</em></span> <span class='ocrx_word' id='word_1_201' title='bbox 2727 3640 2874 3682; x_wconf 91' lang='lat' dir='ltr'>cum</span> 
     </span>
     <span class='ocr_line' id='line_1_23' title="bbox 361 3723 2873 3811; baseline 0 -22"><span class='ocrx_word' id='word_1_202' title='bbox 361 3724 625 3811; x_wconf 83' lang='lat' dir='ltr'>vulgare</span> <span class='ocrx_word' id='word_1_203' title='bbox 682 3723 819 3788; x_wconf 87' lang='lat' dir='ltr'>eius</span> <span class='ocrx_word' id='word_1_204' title='bbox 873 3745 1109 3788; x_wconf 92' lang='lat' dir='ltr'>nomen</span> <span class='ocrx_word' id='word_1_205' title='bbox 1163 3723 1249 3788; x_wconf 88' lang='lat' dir='ltr'>sit</span> <span class='ocrx_word' id='word_1_206' title='bbox 1294 3724 1524 3807; x_wconf 79' lang='grc' dir='ltr'><em>Λίξος,</em></span> <span class='ocrx_word' id='word_1_207' title='bbox 1584 3746 1778 3809; x_wconf 91' lang='lat' dir='ltr'>quam</span> <span class='ocrx_word' id='word_1_208' title='bbox 1824 3725 2100 3789; x_wconf 87' lang='lat' dir='ltr'>formam</span> <span class='ocrx_word' id='word_1_209' title='bbox 2144 3724 2213 3788; x_wconf 90' lang='lat' dir='ltr'>in</span> <span class='ocrx_word' id='word_1_210' title='bbox 2258 3724 2610 3789; x_wconf 88' lang='lat' dir='ltr'>Herodiani</span> <span class='ocrx_word' id='word_1_211' title='bbox 2655 3725 2873 3790; x_wconf 87' lang='lat' dir='ltr'>verbis</span> 
     </span>
     <span class='ocr_line' id='line_1_24' title="bbox 362 3827 2871 3917; baseline 0 -21"><span class='ocrx_word' id='word_1_212' title='bbox 362 3831 618 3897; x_wconf 83' lang='lat' dir='ltr'>restitui</span> <span class='ocrx_word' id='word_1_213' title='bbox 672 3829 860 3895; x_wconf 88' lang='lat' dir='ltr'>iussit</span> <span class='ocrx_word' id='word_1_214' title='bbox 905 3830 1212 3894; x_wconf 89' lang='lat' dir='ltr'>Lehrsius</span> <span class='ocrx_word' id='word_1_215' title='bbox 1224 3827 1296 3917; x_wconf 77' lang='lat'>2).</span> <span class='ocrx_word' id='word_1_216' title='bbox 1388 3831 1533 3917; x_wconf 84' lang='lat' dir='ltr'>Ego</span> <span class='ocrx_word' id='word_1_217' title='bbox 1589 3831 1929 3895; x_wconf 88' lang='lat' dir='ltr'>maluerim</span> <span class='ocrx_word' id='word_1_218' title='bbox 1984 3853 2111 3895; x_wconf 90' lang='lat' dir='ltr'>una</span> <span class='ocrx_word' id='word_1_219' title='bbox 2160 3831 2381 3895; x_wconf 89' lang='lat' dir='ltr'>littera</span> <span class='ocrx_word' id='word_1_220' title='bbox 2426 3835 2676 3896; x_wconf 89' lang='lat' dir='ltr'>mutata</span> <span class='ocrx_word' id='word_1_221' title='bbox 2723 3832 2871 3896; x_wconf 85' lang='lat' dir='ltr'>scri—</span> 
     </span>
     <span class='ocr_line' id='line_1_25' title="bbox 361 3937 2872 4024; baseline 0 -21"><span class='ocrx_word' id='word_1_222' title='bbox 361 3939 515 4003; x_wconf 91' lang='lat' dir='ltr'>bere</span> <span class='ocrx_word' id='word_1_223' title='bbox 551 3939 783 4021; x_wconf 83' lang='grc' dir='ltr'><em>Λίξαν,</em></span> <span class='ocrx_word' id='word_1_224' title='bbox 834 3960 1028 4023; x_wconf 91' lang='lat' dir='ltr'>quam</span> <span class='ocrx_word' id='word_1_225' title='bbox 1070 3959 1293 4002; x_wconf 85' lang='lat' dir='ltr'>vocem</span> <span class='ocrx_word' id='word_1_226' title='bbox 1339 3958 1460 4002; x_wconf 90' lang='lat' dir='ltr'>usu</span> <span class='ocrx_word' id='word_1_227' title='bbox 1502 3942 1829 4022; x_wconf 84' lang='lat' dir='ltr'>receptam</span> <span class='ocrx_word' id='word_1_228' title='bbox 1867 3960 2003 4002; x_wconf 88' lang='lat' dir='ltr'>esse</span> <span class='ocrx_word' id='word_1_229' title='bbox 2043 3937 2534 4002; x_wconf 82' lang='lat' dir='ltr'>demonstratur</span> <span class='ocrx_word' id='word_1_230' title='bbox 2556 3937 2872 4024; x_wconf 85' lang='lat' dir='ltr'>Stephani</span> 
     </span>
     <span class='ocr_line' id='line_1_26' title="bbox 361 4042 2869 4133; baseline -0 -23"><span class='ocrx_word' id='word_1_231' title='bbox 361 4045 658 4131; x_wconf 82' lang='lat' dir='ltr'>Byzantii</span> <span class='ocrx_word' id='word_1_232' title='bbox 712 4044 1084 4110; x_wconf 82' lang='lat' dir='ltr'>testimonio</span> <span class='ocrx_word' id='word_1_233' title='bbox 1141 4044 1249 4133; x_wconf 90' lang='lat' dir='ltr'>(cf.</span> <span class='ocrx_word' id='word_1_234' title='bbox 1298 4068 1344 4110; x_wconf 88' lang='lat' dir='ltr'>s.</span> <span class='ocrx_word' id='word_1_235' title='bbox 1395 4068 1449 4109; x_wconf 79' lang='lat' dir='ltr'>v,</span> <span class='ocrx_word' id='word_1_236' title='bbox 1495 4042 1696 4131; x_wconf 81' lang='grc' dir='ltr'><em>Λίξα)</em></span> <span class='ocrx_word' id='word_1_237' title='bbox 1709 4043 1782 4132; x_wconf 74' lang='lat'>3).</span> <span class='ocrx_word' id='word_1_238' title='bbox 1877 4043 2107 4129; x_wconf 90' lang='lat' dir='ltr'>Neque</span> <span class='ocrx_word' id='word_1_239' title='bbox 2154 4045 2416 4130; x_wconf 88' lang='lat' dir='ltr'>mirum,</span> <span class='ocrx_word' id='word_1_240' title='bbox 2471 4044 2869 4110; x_wconf 90' lang='lat' dir='ltr'>Hecataeum</span> 
     </span>
    </p>
   </div>
   <div class='ocr_carea' id='block_1_3' title="bbox 362 4151 2871 4238">
    <p class='ocr_par' dir='ltr' id='par_1_4' title="bbox 362 4151 2871 4238">
     <span class='ocr_line' id='line_1_27' title="bbox 362 4151 2871 4238; baseline 0 -22"><span class='ocrx_word' id='word_1_241' title='bbox 362 4153 439 4217; x_wconf 91' lang='lat' dir='ltr'>de</span> <span class='ocrx_word' id='word_1_242' title='bbox 477 4154 758 4218; x_wconf 88' lang='lat' dir='ltr'>occiduis</span> <span class='ocrx_word' id='word_1_243' title='bbox 794 4151 1172 4238; x_wconf 89' lang='lat' dir='ltr'>regionibus</span> <span class='ocrx_word' id='word_1_244' title='bbox 1209 4156 1344 4216; x_wconf 91' lang='lat' dir='ltr'>tam</span> <span class='ocrx_word' id='word_1_245' title='bbox 1382 4156 1745 4220; x_wconf 85' lang='lat' dir='ltr'>accuratam</span> <span class='ocrx_word' id='word_1_246' title='bbox 1779 4151 2088 4216; x_wconf 88' lang='lat' dir='ltr'>habuisse</span> <span class='ocrx_word' id='word_1_247' title='bbox 2116 4152 2435 4217; x_wconf 88' lang='lat' dir='ltr'>notitiam.</span> <span class='ocrx_word' id='word_1_248' title='bbox 2499 4152 2871 4217; x_wconf 88' lang='lat' dir='ltr'>Memineris</span> 
     </span>
    </p>
   </div>
   <div class='ocr_carea' id='block_1_4' title="bbox 368 4281 791 4289">
    <p class='ocr_par' dir='ltr' id='par_1_5' title="bbox 368 4281 791 4289">
     <span class='ocr_line' id='line_1_28' title="bbox 368 4281 791 4289; baseline 0 1045"><span class='ocrx_word' id='word_1_249' title='bbox 368 4281 791 4289; x_wconf 95' lang='lat' dir='ltr'> </span> 
     </span>
    </p>
   </div>
   <div class='ocr_carea' id='block_1_5' title="bbox 541 4345 1773 4506">
    <p class='ocr_par' dir='ltr' id='par_1_6' title="bbox 541 4345 1773 4506">
     <span class='ocr_line' id='line_1_29' title="bbox 544 4345 1129 4416; baseline 0.002 -16"><span class='ocrx_word' id='word_1_250' title='bbox 544 4348 595 4416; x_wconf 90' lang='lat'>1)</span> <span class='ocrx_word' id='word_1_251' title='bbox 635 4347 702 4402; x_wconf 88' lang='lat' dir='ltr'>cf.</span> <span class='ocrx_word' id='word_1_252' title='bbox 745 4345 958 4400; x_wconf 83' lang='lat' dir='ltr'>Goebel</span> <span class='ocrx_word' id='word_1_253' title='bbox 994 4364 1048 4416; x_wconf 90' lang='lat' dir='ltr'>p.</span> <span class='ocrx_word' id='word_1_254' title='bbox 1081 4351 1129 4401; x_wconf 82' lang='lat'>5.</span> 
     </span>
     <span class='ocr_line' id='line_1_30' title="bbox 541 4435 1773 4506; baseline 0 -17"><span class='ocrx_word' id='word_1_255' title='bbox 541 4438 596 4505; x_wconf 82' lang='lat'>2)</span> <span class='ocrx_word' id='word_1_256' title='bbox 635 4435 952 4490; x_wconf 75' lang='lat' dir='ltr'>Herodiani</span> <span class='ocrx_word' id='word_1_257' title='bbox 990 4437 1201 4506; x_wconf 75' lang='lat' dir='ltr'>scripta</span> <span class='ocrx_word' id='word_1_258' title='bbox 1238 4435 1350 4489; x_wconf 80' lang='lat' dir='ltr'>tria</span> <span class='ocrx_word' id='word_1_259' title='bbox 1391 4441 1527 4490; x_wconf 88' lang='grc'><strong>1848</strong></span> <span class='ocrx_word' id='word_1_260' title='bbox 1565 4454 1620 4506; x_wconf 91' lang='lat' dir='ltr'>p.</span> <span class='ocrx_word' id='word_1_261' title='bbox 1655 4443 1773 4491; x_wconf 88' lang='grc'>106.</span> 
     </span>
    </p>
   </div>
   <div class='ocr_carea' id='block_1_6' title="bbox 539 4522 2965 4597">
    <p class='ocr_par' dir='ltr' id='par_1_7' title="bbox 539 4522 2965 4597">
     <span class='ocr_line' id='line_1_31' title="bbox 539 4522 2965 4597; baseline 0.002 -20"><span class='ocrx_word' id='word_1_262' title='bbox 539 4529 594 4593; x_wconf 85' lang='grc'>3)</span> <span class='ocrx_word' id='word_1_263' title='bbox 633 4523 702 4581; x_wconf 87' lang='lat' dir='ltr'>cf.</span> <span class='ocrx_word' id='word_1_264' title='bbox 749 4522 985 4579; x_wconf 85' lang='lat' dir='ltr'>Mueller</span> <span class='ocrx_word' id='word_1_265' title='bbox 1041 4543 1094 4597; x_wconf 78' lang='lat'>9.</span> <span class='ocrx_word' id='word_1_266' title='bbox 1152 4542 1233 4594; x_wconf 76' lang='lat' dir='ltr'>qr.</span> <span class='ocrx_word' id='word_1_267' title='bbox 1282 4542 1351 4578; x_wconf 89' lang='lat' dir='ltr'>m.</span> <span class='ocrx_word' id='word_1_268' title='bbox 1401 4523 1427 4576; x_wconf 94' lang='lat' dir='ltr'>I</span> <span class='ocrx_word' id='word_1_269' title='bbox 1495 4543 1549 4594; x_wconf 91' lang='lat' dir='ltr'>p.</span> <span class='ocrx_word' id='word_1_270' title='bbox 1600 4531 1695 4591; x_wconf 79' lang='lat'>923</span> <span class='ocrx_word' id='word_1_271' title='bbox 1760 4523 1912 4579; x_wconf 89' lang='lat' dir='ltr'>idem</span> <span class='ocrx_word' id='word_1_272' title='bbox 1976 4524 2122 4579; x_wconf 83' lang='lat' dir='ltr'>vidit</span> <span class='ocrx_word' id='word_1_273' title='bbox 2174 4525 2413 4580; x_wconf 84' lang='lat' dir='ltr'>Mueller</span> <span class='ocrx_word' id='word_1_274' title='bbox 2469 4527 2537 4580; x_wconf 86' lang='lat' dir='ltr'>ad</span> <span class='ocrx_word' id='word_1_275' title='bbox 2594 4525 2740 4581; x_wconf 82' lang='lat' dir='ltr'>Ptol.</span> <span class='ocrx_word' id='word_1_276' title='bbox 2791 4525 2868 4582; x_wconf 92' lang='lat' dir='ltr'>lV</span> <span class='ocrx_word' id='word_1_277' title='bbox 2954 4542 2965 4549; x_wconf 88' lang='lat'><strong>·</strong></span> 
     </span>
    </p>
   </div>
   <div class='ocr_carea' id='block_1_7' title="bbox 362 4617 715 4683">
    <p class='ocr_par' dir='ltr' id='par_1_8' title="bbox 362 4617 715 4683">
     <span class='ocr_line' id='line_1_32' title="bbox 362 4617 715 4683; baseline 0.006 -17"><span class='ocrx_word' id='word_1_278' title='bbox 362 4618 409 4682; x_wconf 90' lang='lat'>1,</span> <span class='ocrx_word' id='word_1_279' title='bbox 440 4617 471 4667; x_wconf 83' lang='lat'>2</span> <span class='ocrx_word' id='word_1_280' title='bbox 510 4631 566 4683; x_wconf 89' lang='lat' dir='ltr'>p.</span> <span class='ocrx_word' id='word_1_281' title='bbox 595 4617 715 4668; x_wconf 78' lang='lat'>573.</span> 
     </span>
    </p>
   </div>
  </div>
 </body>
</html>
