3467 5334
1271 363 1355 418 De
1391 363 1682 419 Hannonis
1719 362 1940 421 itinere.
2794 370 2883 435 53

370 524 603 592 inutile
660 531 774 592 est.
866 525 935 593 Si
991 526 1137 613 quis
1198 526 1747 593 accuratissimam
1801 529 2088 614 requirat
2145 530 2668 619 descriptionem,
2735 557 2883 599 eum

370 634 635 699 remitto
682 635 763 698 ad
808 635 1203 720 Doelterum,
1252 634 1363 719 qui
1409 638 1622 700 totum
1668 640 1866 720 caput
1911 635 2128 702 XVIH
2173 635 2266 725 (p.
2310 637 2467 728 194)
2514 639 2591 703 de
2636 639 2882 705 talibus

370 741 777 807 caerimoniis
824 742 1188 826 composuit
1202 740 1269 830 ¹).

547 864 685 932 Iam
731 866 1109 952 priusquam
1164 867 1552 952 disputando
1610 869 2015 956 progrediar,
2073 870 2376 956 quoniam
2430 871 2554 935 hoc
2601 870 2880 937 stadium

366 996 490 1058 pro
536 972 708 1037 virili
754 977 940 1058 parte
988 974 1229 1039 emensi
1278 997 1497 1040 sumus
1506 1028 1523 1061 ,
1580 976 1758 1041 iuvat
1804 977 2150 1063 respicere,
2209 982 2276 1042 et
2330 999 2492 1063 quae
2546 978 2879 1063 hucusque

367 1079 842 1145 enucleavimus
850 1133 867 1166 ,
915 1082 1270 1148 certissimo
1315 1085 1570 1148 firmare
1617 1090 2018 1171 argumento.
2108 1085 2412 1172 Perlegas
2467 1085 2640 1150 enim
2684 1087 2879 1150 velim

365 1210 622 1253 mecum
692 1189 851 1253 haec
911 1188 1175 1254 Arriani
1247 1191 1471 1277 verba,
1547 1214 1710 1276 quae
1783 1193 2132 1257 nemodum
2203 1196 2375 1258 recte
2441 1191 2876 1281 explanavit2)

365 1293 534 1382 (Ind.
570 1295 786 1360 XLIII
831 1300 870 1378 ξ
912 1299 1011 1361 11.
1054 1296 1196 1385 12);
1252 1296 1517 1364 ’Ἄννων
1574 1295 1647 1364 δὲ
1702 1301 1739 1367 ὁ
1788 1303 2004 1384 Λίβυς
2064 1301 2135 1366 ἐκ
2190 1301 2626 1386 Καρχηδόνος
2680 1299 2877 1385 ὁρμη-

364 1400 515 1480 θεὶς
559 1398 726 1488 ὑπὲρ
782 1399 904 1488 μὲν
958 1401 1351 1490 “Ηρακλείας
1419 1408 1662 1490 στήλας
1714 1404 2082 1485 ἐξέπλωσεν
2129 1406 2252 1485 ἔξω
2317 1405 2387 1483 ἐς
2440 1407 2560 1471 τὸν
2603 1408 2875 1490 πόντον,

367 1508 442 1576 ἐν
489 1509 798 1595 ἀριστερῇ
843 1511 966 1595 τὴν
1012 1513 1278 1597 Λιβύην
1338 1521 1466 1596 γῆν
1514 1515 1708 1598 ἔχων·
1764 1511 1875 1579 καὶ
1921 1517 2065 1580 ἔστε
2120 1509 2243 1598 μὲν
2296 1515 2463 1596 πρὸς
2518 1512 2875 1598 ἀνίσχοντα

361 1616 558 1699 ἥλιον
595 1616 631 1682 ὁ
671 1620 877 1695 πλόος
911 1617 1090 1706 αὐτῷ
1130 1617 1392 1703 ἐγένετο
1431 1621 1546 1697 τὰς
1581 1622 1796 1699 πάσας
1830 1620 2024 1688 πέντε
2058 1617 2168 1685 καὶ
2205 1622 2561 1704 τριήκοντα
2599 1618 2872 1705 ἡμέρας·

359 1724 450 1800 ὡς
495 1720 570 1789 δὲ
617 1725 700 1809 δὴ
740 1724 808 1802 ἐς
852 1729 1268 1812 μεσαμβρίην
1306 1727 1712 1814 ἐξετράπετο,
1760 1734 2087 1814 πολλῇσιν
2125 1712 2573 1811 ἀμΒῚχανίῃσιν
2609 1725 2871 1809 ἐνετύγ-

357 1854 562 1916 χανεν
608 1831 852 1910 ὕδατός
896 1856 965 1898 τε
1012 1831 1258 1920 ἀπορίῃ
1303 1832 1414 1900 καὶ
1458 1836 1746 1920 καύματι
1791 1834 2214 1920 ἐπιφλέγοντι
2259 1830 2373 1898 καὶ
2420 1831 2613 1918 ῥύαξι
2658 1835 2870 1915 πυρὸς

356 1936 426 2014 ἐς
470 1939 590 2003 τὸν
635 1941 884 2005 πόντον
928 1940 1391 2025 ἐμβάλλουσιν.
1480 1940 1580 2006 Αο
1634 1942 1919 2026 primum
1975 1942 2114 2006 leve
2172 1944 2295 2026 est,
2362 1940 2472 2004 sed
2515 1961 2649 2003 non
2694 1961 2873 2023 prae-

356 2046 767 2131 tereundum,
842 2048 1013 2132 quod
1073 2046 1426 2112 Arrianum
1486 2049 1590 2113 vel
1663 2071 1812 2113 eum
1878 2071 2070 2133 quem
2135 2046 2479 2131 exscripsit
2542 2050 2873 2111 auctorem

353 2151 696 2218 Hannonis
750 2153 1076 2237 periplum
1130 2154 1490 2238 pleniorem
1543 2154 1613 2220 in
1667 2155 1987 2220 mensuris
2034 2155 2294 2240 quidem
2351 2153 2675 2218 adnotatis
2721 2157 2871 2217 ante

353 2260 576 2325 oculos
623 2261 928 2326 habuisse
973 2261 1081 2326 hic
1126 2262 1306 2327 locus
1344 2261 1689 2327 manifesto
1729 2261 2114 2327 documento
2154 2266 2281 2326 est:
2329 2261 2383 2327 si
2424 2261 2596 2326 enim
2634 2260 2869 2324 distan-

352 2366 594 2432 tiarum
638 2367 891 2433 numeri
938 2368 1214 2454 singulis
1260 2369 1513 2435 itineris
1559 2369 1861 2453 partibus
1905 2369 2108 2434 additi
2153 2391 2286 2434 non
2335 2367 2630 2452 fuissent,
2677 2367 2869 2432 unde-

350 2496 505 2537 nam
551 2474 771 2558 potuit
814 2474 929 2538 illa
975 2497 1222 2541 summa
1269 2476 1559 2563 subduci,
1607 2498 1772 2561 quae
1819 2499 1932 2541 cur
1969 2477 2038 2541 in
2076 2475 2552 2541 dubitationem
2587 2478 2870 2560 vocetur,

357 2603 440 2644 ne
498 2580 821 2647 levissima
887 2581 1146 2667 quidem
1211 2605 1401 2648 causa
1466 2584 1611 2649 est?
1684 2583 1912 2668 Itaque
1976 2583 2149 2647 haud
2218 2604 2511 2648 erravero
2576 2582 2868 2667 fortasse,

367 2688 534 2771 quod
582 2689 650 2753 in
715 2688 841 2753 alia
897 2711 1152 2774 quoque
1218 2689 1457 2774 peripli
1521 2691 1932 2776 paragrapho
2001 2689 2344 2754 distantiae
2399 2692 2621 2754 notam
2676 2689 2869 2753 inter-

360 2794 582 2860 cidisse
629 2796 798 2860 infra
845 2797 1282 2861 demonstrare
1330 2797 1622 2861 studebo,
1715 2795 1841 2861 Sed
1899 2797 2237 2860 redeamus
2281 2796 2362 2860 ad
2406 2793 2756 2859 Arrianum
2803 2799 2870 2860 et

354 2901 657 2987 dicamus,
705 2902 860 2987 quid
905 2903 999 2967 rei
1046 2903 1157 2967 sit!
1221 2902 1440 2989 Atque
1482 2904 1741 2990 qualem
1777 2903 1887 2968 ille
1934 2902 2065 2968 sibi
2101 2903 2365 2967 finxerit
2403 2924 2550 2966 orae
2587 2903 2866 2988 figuram

351 3013 419 3072 et
459 3031 735 3093 quanam
783 3014 1142 3076 commotus
1178 3012 1445 3097 ratione,
1490 3035 1663 3078 nunc
1706 3035 1841 3077 non
1878 3034 2060 3077 curo:
2105 3010 2172 3075 id
2208 3009 2563 3075 clarissima
2608 3010 2677 3074 in
2722 3010 2865 3075 luce

346 3117 640 3201 positum
687 3121 803 3203 est,
851 3140 930 3182 ex
978 3117 1115 3182 eius
1162 3119 1469 3202 opinione
1506 3119 1847 3184 Hannonis
1890 3118 2374 3205 navigationem
2420 3118 2501 3181 ad
2548 3116 2865 3181 orientem

348 3224 553 3289 solem
600 3247 971 3290 conversam
1017 3224 1406 3309 pertinuisse
1444 3247 1647 3310 usque
1690 3225 1772 3289 ad
1808 3224 2085 3309 Hesperi
2125 3223 2666 3309 promunturium,
2712 3223 2866 3289 hinc

347 3330 641 3416 coepisse
681 3330 1242 3418 Carthaginienses
1280 3331 1612 3397 meridiem
1648 3354 1873 3398 versus
1910 3355 2168 3398 cursum
2204 3331 2499 3417 dirigere.
2561 3329 2865 3417 Agedum

344 3438 477 3502 iam
524 3438 879 3524 videamuS,
935 3461 1094 3503 num
1137 3438 1400 3505 Arriani
1452 3461 1762 3505 numerus
1817 3441 2115 3506 concinat
2173 3462 2319 3505 cum
2374 3461 2450 3503 eo
2507 3461 2698 3523 quem
2742 3461 2864 3503 nos

346 3546 849 3612 enucleavimus:
912 3568 1189 3631 namque
1245 3570 1283 3610 a
1336 3547 1732 3632 reliquorum
1797 3547 2228 3631 interpretum
2283 3546 2663 3612 commentis
2720 3550 2861 3610 toto

344 3653 528 3717 coelo
575 3653 799 3739 distat,
854 3658 922 3718 et
976 3654 1148 3738 quod
1201 3653 1474 3718 Mueller
1530 3651 1622 3741 (p.
1666 3651 1780 3742 14)
1819 3653 2155 3740 gloriatur,
2199 3653 2459 3719 Arriani
2499 3654 2584 3720 35
2632 3655 2861 3720 diebus

342 3760 735 3844 respondere
807 3783 887 3825 ex
953 3781 1069 3824 suo
1137 3763 1442 3843 computo
1502 3762 1614 3846 37,
1678 3760 1747 3824 id
1811 3761 2069 3825 veritati
2136 3783 2400 3846 prorsus
2466 3762 2862 3827 contrarium

345 3871 474 3932 est:
548 3867 789 3932 etenim
852 3890 931 3932 ex
997 3867 1135 3932 eius
1203 3867 1445 3931 tabulis
1519 3864 1627 3954 (ct.
1670 3870 1834 3951 prol.
1900 3893 1962 3953 p.
2007 3865 2220 3955 XXV)
2283 3889 2416 3932 non
2480 3868 2637 3953 3772
2706 3870 2861 3957 dies,

345 3974 459 4038 sed
504 3974 660 4060 4472
709 3996 912 4059 usque
976 3974 1057 4039 ad
1110 3974 1408 4058 Hesperu
1470 3973 1661 4039 Ceras
1725 3974 2187 4060 consummari,
2251 3973 2393 4058 ipse
2447 3976 2678 4061 nequit
2742 3977 2860 4040 dif-

342 4081 533 4146 fiteri.
615 4081 978 4147 Secundum
1031 4085 1321 4147 nostram
1377 4084 1594 4146 autem
1640 4080 2142 4165 explicationem
2186 4082 2477 4149 locorum
2523 4083 2860 4148 adornatio

342 4190 504 4253 haec
551 4192 673 4253 est:

525 4421 577 4488 1)
614 4418 683 4473 cf.
722 4417 938 4487 Ratzel,
987 4419 1365 4475 Vo'lkcrkunde
1398 4418 1425 4471 I
1461 4437 1515 4488 p.
1547 4423 1668 4474 615.

523 4529 577 4595 2)
614 4524 935 4582 Novissime
985 4524 1308 4595 desperavit
1344 4526 1585 4595 Berger,
1648 4524 1837 4582 Gesch.
1885 4527 1938 4581 d.
1975 4528 2116 4583 wisc.
2157 4526 2334 4583 Erdk.
2371 4528 2426 4583 d.
2470 4526 2739 4583 Griechen
2774 4527 2854 4581 III

347 4620 483 4669 1891
523 4633 577 4684 p.
609 4622 692 4670 73.
