3467 5334
1276 408 1359 462 De
1396 405 1689 461 Hannonis
1724 405 1947 462 itinere.
2776 407 2857 471 51

530 570 827 655 Denique
874 592 1002 634 uno
1049 570 1248 634 verbo
1295 569 1609 656 aperiam,
1666 570 1821 654 quid
1866 569 2026 633 mihi
2073 570 2367 634 videatur
2422 572 2497 634 de
2544 571 2708 635 mira
2755 571 2867 635 illa

349 677 580 763 insula,
629 699 822 761 quam
859 676 1135 761 Hesperi
1177 674 1413 742 Cornui
1461 675 1832 761 oppositam
1869 676 2163 760 repperit
2199 676 2451 743 Hanno.
2522 678 2675 745 Non
2712 701 2863 743 sane

351 784 609 848 nescius
657 807 800 848 sum
845 784 1085 849 habere
1134 785 1395 849 brevem
1443 783 1581 848 eius
1620 782 2121 867 descriptionem
2170 784 2239 848 in
2278 808 2404 869 quo
2454 786 2865 850 offendamur.

348 891 527 955 Talis
566 891 738 954 enim
775 891 1002 976 insula,
1041 891 1250 975 qualis
1287 890 1625 956 Hannonis
1669 889 2064 973 expositioni
2102 892 2489 975 respondeat
2527 931 2611 939 —
2651 892 2867 976 palam

349 998 417 1062 id
456 999 768 1082 profiteor
808 1038 890 1044 —-
929 1021 1136 1082 neque
1174 998 1508 1063 meridiem
1544 1019 1754 1081 neque
1794 997 2303 1080 septentrionem
2347 1021 2570 1063 versus
2618 998 2869 1062 adiacet

348 1106 803 1188 promunturio
855 1106 1057 1172 Verde.
1130 1104 1278 1171 Una
1315 1109 1571 1169 tantum
1609 1105 1781 1168 inest
1826 1104 1895 1167 in
1941 1103 2084 1187 ipso
2134 1127 2207 1169 eo
2256 1104 2419 1190 611111,
2468 1105 2578 1189 qui
2617 1106 2862 1189 Dakar,

346 1213 919 1298 Francogallorum
965 1211 1234 1295 colonia,
1280 1215 1563 1295 tenetur,
1608 1210 1711 1275 cui
1758 1232 1994 1274 nomen
2041 1209 2287 1276 inditur
2337 1211 2555 1277 Gorde:
2615 1216 2682 1276 at
2726 1234 2860 1276 non

352 1343 429 1384 ea
477 1324 576 1384 est
621 1320 829 1384 forma
875 1324 939 1383 et
988 1319 1225 1402 specie,
1279 1340 1441 1402 quae
1486 1316 1827 1382 Hannonis
1875 1316 2068 1381 titulo
2116 1314 2533 1403 flagitatur¹).
2623 1316 2867 1402 Aptius

343 1427 646 1491 fortassis
720 1426 1131 1491 conferantur
1195 1426 1293 1491 the
1346 1426 1696 1491 Madeleine
1756 1425 2023 1507 islam,
2096 1422 2165 1486 in
2241 1445 2399 1506 quas
2464 1423 2531 1486 in
2602 1424 2865 1489 circum-

351 1533 670 1598 flectendo
717 1533 1170 1617 promunturio
1219 1533 1463 1617 primas
1510 1530 1768 1616 incidis,
1815 1530 1995 1595 cuius
2043 1529 2136 1593 rei
2184 1534 2431 1593 certum
2477 1529 2732 1595 videtur
2777 1532 2868 1596 in-

348 1640 590 1704 dicium
638 1663 792 1725 esse,
840 1641 1013 1724 quod
1057 1641 1355 1705 nauticus
1402 1641 1512 1705 1116
1549 1639 1914 1726 Anglorum
1960 1637 2130 1702 liber
2172 1637 2348 1701 hisce
2388 1659 2495 1701 eas
2542 1638 2866 1725 depingit:

344 1747 520 1811 <The
565 1748 811 1834 largest
857 1748 913 1812 is
960 1747 1207 1832 shaped
1251 1748 1383 1813 like
1430 1769 1468 1811 a
1514 1750 1819 1831 crescent,
1867 1767 2037 1829 open
2083 1748 2152 1808 to
2199 1745 2310 1808 the
2357 1745 2695 1809 westward
2740 1747 2865 1810 and

347 1855 404 1919 is
454 1856 657 1920 about
705 1857 836 1921 600
872 1854 1064 1938 yards
1111 1854 1179 1918 in
1214 1854 1463 1940 length.
1545 1852 1605 1918 It
1643 1851 1920 1918 consists
1958 1852 2032 1915 of
2071 1873 2108 1915 a
2153 1851 2315 1915 hard
2351 1852 2464 1915 red
2510 1853 2664 1916 rock
2703 1853 2865 1917 with

346 1984 528 2026 some
575 1961 787 2025 basalt
833 1961 958 2024 and
1003 1960 1059 2026 is
1107 1961 1415 2026 destitute
1463 1961 1538 2025 of
1589 1983 1715 2043 any
1762 1958 2136 2045 vegetation
2181 1959 2439 2044 though
2484 1958 2539 2023 it
2583 1975 2864 2043 'appears

345 2069 493 2132 that
540 2067 847 2151 formerly
894 2089 931 2131 a
976 2068 1101 2132 few
1158 2068 1418 2133 baobab
1467 2072 1636 2132 trees
1684 2089 1861 2153 grew
1907 2067 1976 2130 in
2032 2066 2118 2130 its
2167 2065 2484 2130 crevices?
2575 2065 2650 2130 In
2708 2090 2867 2151 quas

346 2175 595 2240 insulas
634 2174 874 2261 egressi
914 2179 1065 2239 sunt
1112 2175 1381 2239 audaces
1429 2174 1525 2238 illi
1572 2173 1809 2238 saeculi
1846 2172 1985 2238 XV.
2024 2178 2259 2237 nautae
2308 2177 2474 2238 teste
2511 2172 2738 2238 Alviso
2786 2175 2867 2237 da

343 2283 563 2347 Mosto
611 2281 719 2369 (cf.
767 2283 1026 2348 Ramus.
1073 2305 1135 2366 p.
1179 2278 1360 2367 190):
1411 2282 1468 2345 ‘e
1516 2283 1777 2364 passato
1825 2279 1873 2342 il
1921 2279 2116 2343 detto·
2150 2301 2310 2363 capo
2359 2284 2717 2344 trovammo
2766 2284 2864 2344 tre

345 2390 606 2454 isolette
654 2388 917 2472 piccole,
963 2410 1093 2453 non
1141 2393 1380 2472 troppo
1427 2386 1691 2452 lontane
1741 2386 1821 2449 da
1865 2389 2054 2468 terra,
2102 2385 2478 2469 disabitate,
2524 2407 2557 2449 e
2605 2385 2866 2468 copiose

349 2496 628 2561 d'arbori
681 2495 839 2560 tutti
896 2495 1073 2560 verdi
1123 2518 1156 2559 6
1203 2494 1472 2582 grandi.’
1562 2493 1764 2558 Vides
1821 2496 2216 2576 quantopere
2275 2492 2512 2556 abhinc
2560 2514 2867 2558 conversa

355 2604 444 2668 sit
489 2626 702 2668 earum
750 2602 961 2668 facies
1043 2602 1272 2687 Itaque
1317 2602 1412 2666 nil
1459 2606 1584 2686 est,
1632 2623 1759 2685 quo
1805 2603 2098 2664 vetemur
2144 2604 2454 2683 statuere,
2502 2601 2598 2665 the
2644 2601 2864 2666 Made-

361 2711 516 2775 leina
573 2711 807 2776 islands
883 2708 1220 2775 Hannonis
1299 2714 1510 2773 aetate
1583 2708 1814 2772 miram
1878 2706 2057 2770 illam
2120 2707 2396 2793 figuram
2461 2707 2866 2790 praebuisse:

352 2839 503 2881 nam
556 2816 621 2880 id
684 2838 890 2903 genus
954 2815 1202 2880 insulae
1270 2821 1544 2900 quantas
1603 2814 1877 2898 subinde
1942 2812 2083 2897 pati
2147 2814 2395 2878 soleant
2456 2815 2866 2899 mutationes,

347 2923 576 3007 nequit
620 2924 894 3008 nescire,
951 2922 1061 3007 qui
1108 2923 1212 2987 vel
1255 2923 1486 2987 leviter
1530 2922 1648 2987 has
1693 2944 1797 2986 res
1842 2919 2136 3006 attigerit
2183 2924 2248 2984 et
2302 2919 2653 3006 perlegerit
2701 2942 2864 3004 quae

346 3031 427 3094 (16
476 3030 598 3094 1166
643 3029 914 3094 materia
957 3029 1286 3113 copiosius
1333 3028 1682 3113 explicavit
1727 3027 2026 3092 Hahnius
2074 3025 2520 3115 (Inselstudien
2575 3052 2638 3112 p.
2683 3026 2860 3116 171).

345 3137 752 3221 Quamquam
798 3136 1001 3223 igitur
1047 3136 1124 3200 de
1161 3136 1265 3200 his
1312 3136 1598 3222 cogitare
1644 3135 1780 3199 veri
1827 3135 1999 3199 haud
2038 3132 2347 3198 dissimile
2383 3133 2545 3198 mihi
2591 3134 2864 3220 videtur,

345 3250 596 3329 tamen,
663 3243 914 3307 etiamsi
980 3242 1125 3326 quis
1188 3242 1580 3306 Hannoneae
1645 3240 1894 3304 insulae
1958 3239 2150 3305 hodie
2213 3240 2466 3304 nullum
2530 3263 2864 3325 superesse

345 3351 702 3438 vestigium
748 3354 1057 3434 autumet,
1102 3372 1235 3415 non
1281 3348 1607 3413 obstinate
1644 3347 1952 3433 refragor.
2036 3345 2495 3413 Gravissimam
2533 3348 2704 3413 enim
2751 3349 2863 3433 616,

346 3458 464 3544 qui
510 3458 849 3548 Hannonis
894 3457 1147 3541 periplo
1194 3458 1527 3522 navabunt
1573 3478 1866 3540 operam,
1912 3454 2078 3518 hanc
2123 3454 2336 3541 legem
2383 3455 2552 3540 dico,
2597 3477 2678 3520 ne
2726 3454 2865 3521 ubi-

347 3588 604 3650 cunque
634 3565 979 3652 singularis
1015 3564 1192 3629 illius
1220 3566 1463 3630 formae
1493 3563 1704 3629 insula
1741 3562 2123 3647 inveniatur,
2161 3562 2382 3626 statim
2420 3585 2561 3626 eam
2599 3564 2865 3628 eandem

348 3696 492 3739 esse
539 3676 840 3738 censeant
886 3676 1079 3756 atque
1125 3671 1477 3737 Hannonis.
1560 3670 1774 3735 Aliter
1818 3692 2060 3755 vereor,
2105 3692 2186 3734 ne
2230 3668 2472 3733 similes
2519 3669 2866 3734 admittant

348 3804 627 3865 errores,
691 3784 885 3863 atque
940 3779 1213 3844 Mueller
1267 3779 1504 3863 aliique
1560 3776 1895 3863 permulti,
1963 3777 2073 3861 qui
2130 3777 2198 3841 in
2253 3775 2564 3841 hodierna
2612 3777 2865 3862 Oranyo

351 3885 984 3972 Carthaginiensium
1029 3886 1305 3951 insulam
1353 3909 1420 3951 se
1467 3884 1916 3971 recognovisse
1961 3882 2209 3968 opinati
2256 3887 2424 3968 sunt,
2473 3905 2864 3968 quamquam

346 4017 472 4059 nec
525 4014 860 4057 mensurae
927 3994 1242 4077 quadrant
1295 4014 1503 4077 neque
1549 3989 1876 4075 Ἑσπέρου
1920 3990 2217 4074 Κέρατος
2262 3994 2515 4054 ’116111611
2580 4012 2725 4055 611111
2792 4016 2866 4057 66

350 4099 749 4164 conciliatur.
831 4098 1007 4164 Talis
1044 4103 1262 4165 autem
1308 4098 1714 4164 ratiocinatio
1765 4095 2008 4181 duplici
2056 4096 2132 4161 de
2181 4119 2371 4161 causa
2415 4099 2864 4162 necessitatem

347 4230 487 4272 non
541 4206 768 4271 habet:
833 4206 1115 4291 primum
1177 4207 1313 4272 eius
1368 4208 1613 4294 figurae
1669 4205 1917 4270 insulae
1971 4204 2145 4269 haud
2199 4227 2380 4269 rarae
2436 4210 2613 4289 sunt,
2673 4204 2863 4269 sicuti

543 4478 594 4541 1)
633 4473 865 4528 Veteres
893 4474 1059 4529 huius
1097 4472 1316 4527 insulae
1347 4473 1574 4529 tabulae
1604 4473 1865 4543 prostant
1896 4471 1955 4525 in
1986 4470 2165 4525 altero
2196 4468 2315 4524 eius
2345 4470 2531 4539 operis
2560 4471 2862 4540 volumine,

350 4564 445 4617 cui
500 4561 827 4617 inscribitur
884 4563 1107 4618 histoire
1160 4563 1410 4633 ye'ne'rale
1458 4563 1550 4617 des
1599 4577 1833 4632 voyayes
1869 4559 1921 4612 II
1949 4580 2000 4630 p.
2023 4565 2146 4613 447.
2177 4557 2400 4632 448l49,
2440 4557 2860 4614 recentissimae

357 4651 515 4723 apud
553 4650 980 4721 Faidherbeum,
1020 4652 1068 4706 le
1103 4652 1336 4722 Se'ne'yal
1370 4669 1425 4721 p.
1456 4655 1587 4717 2583
1627 4649 1697 4703 cf.
1729 4648 2109 4717 Buettikofer‚
2148 4649 2377 4703 Liberia
2412 4649 2438 4701 I
2475 4668 2526 4718 p.
2560 4655 2681 4704 282.

2366 4737 2441 4790 4*
