<?xml version="1.0" encoding="UTF-8"?>
<!DOCTYPE html PUBLIC "-//W3C//DTD XHTML 1.0 Transitional//EN"
    "http://www.w3.org/TR/xhtml1/DTD/xhtml1-transitional.dtd">
<html xmlns="http://www.w3.org/1999/xhtml" xml:lang="en" lang="en">
 <head>
  <title>
</title>
<meta http-equiv="Content-Type" content="text/html;charset=utf-8" />
  <meta name='ocr-system' content='tesseract 3.04.00' />
  <meta name='ocr-capabilities' content='ocr_page ocr_carea ocr_par ocr_line ocrx_word'/>
</head>
<body>
  <div class='ocr_page' id='page_1' title='image "./dehannoniscarth00fiscgoog_0096.png"; bbox 0 0 3467 5334; ppageno 0'>
   <div class='ocr_carea' id='block_1_1' title="bbox 574 350 1969 426">
    <p class='ocr_par' dir='ltr' id='par_1_1' title="bbox 574 350 1969 426">
     <span class='ocr_line' id='line_1_1' title="bbox 574 350 1969 426; baseline -0.001 -22"><span class='ocrx_word' id='word_1_1' title='bbox 574 361 658 426; x_wconf 78' lang='grc'>88</span> <span class='ocrx_word' id='word_1_2' title='bbox 1684 353 1870 422; x_wconf 87' lang='lat' dir='ltr'>Caput</span> <span class='ocrx_word' id='word_1_3' title='bbox 1904 350 1969 404; x_wconf 89' lang='grc' dir='ltr'>ΙΙ.</span> 
     </span>
    </p>
   </div>
   <div class='ocr_carea' id='block_1_2' title="bbox 572 509 3115 2635">
    <p class='ocr_par' dir='ltr' id='par_1_2' title="bbox 572 509 3115 2635">
     <span class='ocr_line' id='line_1_2' title="bbox 572 509 3088 605; baseline -0.006 -17"><span class='ocrx_word' id='word_1_4' title='bbox 572 524 839 588; x_wconf 90' lang='lat' dir='ltr'>Meltzer</span> <span class='ocrx_word' id='word_1_5' title='bbox 885 521 1026 605; x_wconf 91' lang='lat' dir='ltr'>ipse</span> <span class='ocrx_word' id='word_1_6' title='bbox 1071 519 1415 604; x_wconf 89' lang='lat' dir='ltr'>profitetur</span> <span class='ocrx_word' id='word_1_7' title='bbox 1428 515 1507 604; x_wconf 82' lang='grc'>1);</span> <span class='ocrx_word' id='word_1_8' title='bbox 1553 517 1619 581; x_wconf 91' lang='lat' dir='ltr'>id</span> <span class='ocrx_word' id='word_1_9' title='bbox 1665 537 1868 580; x_wconf 92' lang='lat' dir='ltr'>unum</span> <span class='ocrx_word' id='word_1_10' title='bbox 1912 512 2403 577; x_wconf 87' lang='lat' dir='ltr'>admirationem</span> <span class='ocrx_word' id='word_1_11' title='bbox 2450 510 2588 575; x_wconf 93' lang='lat' dir='ltr'>eius</span> <span class='ocrx_word' id='word_1_12' title='bbox 2635 513 2869 593; x_wconf 88' lang='lat' dir='ltr'>movet,</span> <span class='ocrx_word' id='word_1_13' title='bbox 2916 509 3088 593; x_wconf 88' lang='lat' dir='ltr'>quod</span> 
     </span>
     <span class='ocr_line' id='line_1_3' title="bbox 575 616 3102 708; baseline -0.006 -13"><span class='ocrx_word' id='word_1_14' title='bbox 575 630 947 696; x_wconf 89' lang='lat' dir='ltr'>Herodotus</span> <span class='ocrx_word' id='word_1_15' title='bbox 1001 627 1213 690; x_wconf 91' lang='lat' dir='ltr'>lacum</span> <span class='ocrx_word' id='word_1_16' title='bbox 1268 624 1362 689; x_wconf 92' lang='lat' dir='ltr'>ibi</span> <span class='ocrx_word' id='word_1_17' title='bbox 1418 624 1558 689; x_wconf 89' lang='lat' dir='ltr'>auri</span> <span class='ocrx_word' id='word_1_18' title='bbox 1614 623 1898 688; x_wconf 81' lang='lat' dir='ltr'>fertilem</span> <span class='ocrx_word' id='word_1_19' title='bbox 1953 621 2245 686; x_wconf 73' lang='lat' dir='ltr'><strong>extitisse</strong></span> <span class='ocrx_word' id='word_1_20' title='bbox 2301 623 2643 702; x_wconf 88' lang='lat' dir='ltr'>memorat,</span> <span class='ocrx_word' id='word_1_21' title='bbox 2697 640 2845 682; x_wconf 92' lang='lat' dir='ltr'>cum</span> <span class='ocrx_word' id='word_1_22' title='bbox 2897 616 3102 708; x_wconf 30' lang='lat' dir='ltr'>hodie·</span> 
     </span>
     <span class='ocr_line' id='line_1_4' title="bbox 576 723 3090 822; baseline -0.005 -21"><span class='ocrx_word' id='word_1_23' title='bbox 576 740 890 822; x_wconf 88' lang='lat' dir='ltr'>quantum</span> <span class='ocrx_word' id='word_1_24' title='bbox 937 733 1174 798; x_wconf 91' lang='lat' dir='ltr'>scimus</span> <span class='ocrx_word' id='word_1_25' title='bbox 1220 754 1450 797; x_wconf 92' lang='lat' dir='ltr'>aurum</span> <span class='ocrx_word' id='word_1_26' title='bbox 1493 736 1634 796; x_wconf 91' lang='lat' dir='ltr'>tota</span> <span class='ocrx_word' id='word_1_27' title='bbox 1680 730 1795 793; x_wconf 87' lang='lat' dir='ltr'>illa</span> <span class='ocrx_word' id='word_1_28' title='bbox 1831 728 2011 815; x_wconf 87' lang='lat' dir='ltr'>regio</span> <span class='ocrx_word' id='word_1_29' title='bbox 2057 751 2190 793; x_wconf 93' lang='lat' dir='ltr'>non</span> <span class='ocrx_word' id='word_1_30' title='bbox 2235 730 2548 812; x_wconf 73' lang='lat' dir='ltr'>procreet.</span> <span class='ocrx_word' id='word_1_31' title='bbox 2622 723 2713 788; x_wconf 89' lang='lat' dir='ltr'>At</span> <span class='ocrx_word' id='word_1_32' title='bbox 2749 724 2900 789; x_wconf 93' lang='lat' dir='ltr'>nolo</span> <span class='ocrx_word' id='word_1_33' title='bbox 2939 723 3090 788; x_wconf 90' lang='lat' dir='ltr'>huic</span> 
     </span>
     <span class='ocr_line' id='line_1_5' title="bbox 575 830 3091 927; baseline -0.006 -18"><span class='ocrx_word' id='word_1_34' title='bbox 575 845 671 910; x_wconf 91' lang='lat' dir='ltr'>rei</span> <span class='ocrx_word' id='word_1_35' title='bbox 716 847 974 908; x_wconf 91' lang='lat' dir='ltr'>tantum</span> <span class='ocrx_word' id='word_1_36' title='bbox 1018 839 1306 906; x_wconf 89' lang='lat' dir='ltr'>tribuere</span> <span class='ocrx_word' id='word_1_37' title='bbox 1319 838 1401 927; x_wconf 77' lang='lat'>2),</span> <span class='ocrx_word' id='word_1_38' title='bbox 1456 842 1530 903; x_wconf 88' lang='lat' dir='ltr'>ut</span> <span class='ocrx_word' id='word_1_39' title='bbox 1575 837 1982 902; x_wconf 90' lang='lat' dir='ltr'>Herodotum</span> <span class='ocrx_word' id='word_1_40' title='bbox 2030 834 2356 920; x_wconf 82' lang='lat' dir='ltr'>Cyraunin</span> <span class='ocrx_word' id='word_1_41' title='bbox 2402 838 2466 899; x_wconf 92' lang='lat' dir='ltr'>et</span> <span class='ocrx_word' id='word_1_42' title='bbox 2515 832 2762 898; x_wconf 84' lang='lat' dir='ltr'>Cernen</span> <span class='ocrx_word' id='word_1_43' title='bbox 2808 830 2977 894; x_wconf 91' lang='lat' dir='ltr'>inter</span> <span class='ocrx_word' id='word_1_44' title='bbox 3024 852 3091 893; x_wconf 93' lang='lat' dir='ltr'>se</span> 
     </span>
     <span class='ocr_line' id='line_1_6' title="bbox 578 940 3092 1032; baseline -0.007 -15"><span class='ocrx_word' id='word_1_45' title='bbox 578 950 942 1017; x_wconf 83' lang='lat' dir='ltr'>confudisse</span> <span class='ocrx_word' id='word_1_46' title='bbox 1007 947 1311 1032; x_wconf 90' lang='lat' dir='ltr'>arbitrer,</span> <span class='ocrx_word' id='word_1_47' title='bbox 1377 968 1540 1032; x_wconf 91' lang='lat' dir='ltr'>quae</span> <span class='ocrx_word' id='word_1_48' title='bbox 1606 943 1889 1028; x_wconf 92' lang='lat' dir='ltr'>suspicio</span> <span class='ocrx_word' id='word_1_49' title='bbox 1958 965 2152 1026; x_wconf 89' lang='lat' dir='ltr'>quam</span> <span class='ocrx_word' id='word_1_50' title='bbox 2209 941 2449 1006; x_wconf 79' lang='lat' dir='ltr'>futtilis</span> <span class='ocrx_word' id='word_1_51' title='bbox 2514 940 2599 1006; x_wconf 92' lang='lat' dir='ltr'>sit</span> <span class='ocrx_word' id='word_1_52' title='bbox 2673 961 2821 1004; x_wconf 92' lang='lat' dir='ltr'>cum</span> <span class='ocrx_word' id='word_1_53' title='bbox 2882 959 3092 1020; x_wconf 90' lang='lat' dir='ltr'>neque</span> 
     </span>
     <span class='ocr_line' id='line_1_7' title="bbox 578 1043 3094 1139; baseline -0.006 -17"><span class='ocrx_word' id='word_1_54' title='bbox 578 1079 815 1122; x_wconf 92' lang='lat' dir='ltr'>nomen</span> <span class='ocrx_word' id='word_1_55' title='bbox 885 1077 1094 1139; x_wconf 89' lang='lat' dir='ltr'>neque</span> <span class='ocrx_word' id='word_1_56' title='bbox 1168 1058 1380 1119; x_wconf 91' lang='lat' dir='ltr'>cetera</span> <span class='ocrx_word' id='word_1_57' title='bbox 1452 1052 1611 1118; x_wconf 90' lang='lat' dir='ltr'>satis</span> <span class='ocrx_word' id='word_1_58' title='bbox 1684 1049 2068 1116; x_wconf 88' lang='lat' dir='ltr'>conveniant</span> <span class='ocrx_word' id='word_1_59' title='bbox 2141 1049 2288 1113; x_wconf 90' lang='lat' dir='ltr'>inde</span> <span class='ocrx_word' id='word_1_60' title='bbox 2353 1051 2574 1132; x_wconf 91' lang='lat' dir='ltr'>patet,</span> <span class='ocrx_word' id='word_1_61' title='bbox 2648 1045 2820 1130; x_wconf 88' lang='lat' dir='ltr'>quod</span> <span class='ocrx_word' id='word_1_62' title='bbox 2881 1046 2962 1108; x_wconf 91' lang='lat' dir='ltr'>ne</span> <span class='ocrx_word' id='word_1_63' title='bbox 3027 1043 3094 1107; x_wconf 93' lang='lat' dir='ltr'>in</span> 
     </span>
     <span class='ocr_line' id='line_1_8' title="bbox 584 1151 3094 1246; baseline -0.006 -17"><span class='ocrx_word' id='word_1_64' title='bbox 584 1164 821 1229; x_wconf 80' lang='lat' dir='ltr'>Cernes</span> <span class='ocrx_word' id='word_1_65' title='bbox 878 1160 1139 1246; x_wconf 87' lang='lat' dir='ltr'>quidem</span> <span class='ocrx_word' id='word_1_66' title='bbox 1194 1160 1440 1224; x_wconf 90' lang='lat' dir='ltr'>insulae</span> <span class='ocrx_word' id='word_1_67' title='bbox 1495 1156 1730 1222; x_wconf 83' lang='lat' dir='ltr'>vicinia</span> <span class='ocrx_word' id='word_1_68' title='bbox 1780 1156 1971 1221; x_wconf 88' lang='lat' dir='ltr'>hodie</span> <span class='ocrx_word' id='word_1_69' title='bbox 2018 1179 2246 1220; x_wconf 92' lang='lat' dir='ltr'>aurum</span> <span class='ocrx_word' id='word_1_70' title='bbox 2292 1154 2637 1239; x_wconf 84' lang='lat' dir='ltr'>reperitur!</span> <span class='ocrx_word' id='word_1_71' title='bbox 2718 1151 2898 1217; x_wconf 75' lang='lat' dir='ltr'>&#39;Dein</span> <span class='ocrx_word' id='word_1_72' title='bbox 2942 1174 3094 1216; x_wconf 87' lang='lat' dir='ltr'>vero</span> 
     </span>
     <span class='ocr_line' id='line_1_9' title="bbox 581 1259 3096 1352; baseline -0.005 -17"><span class='ocrx_word' id='word_1_73' title='bbox 581 1271 850 1335; x_wconf 90' lang='lat' dir='ltr'>Meltzer</span> <span class='ocrx_word' id='word_1_74' title='bbox 915 1289 1077 1352; x_wconf 90' lang='lat' dir='ltr'>quae</span> <span class='ocrx_word' id='word_1_75' title='bbox 1143 1267 1220 1330; x_wconf 89' lang='lat' dir='ltr'>de</span> <span class='ocrx_word' id='word_1_76' title='bbox 1277 1266 1578 1332; x_wconf 85' lang='lat' dir='ltr'>Soloente</span> <span class='ocrx_word' id='word_1_77' title='bbox 1643 1264 2096 1348; x_wconf 89' lang='lat' dir='ltr'>promunturio</span> <span class='ocrx_word' id='word_1_78' title='bbox 2162 1268 2451 1328; x_wconf 85' lang='lat' dir='ltr'>extremo</span> <span class='ocrx_word' id='word_1_79' title='bbox 2506 1261 2754 1345; x_wconf 82' lang='lat' dir='ltr'>Libyae</span> <span class='ocrx_word' id='word_1_80' title='bbox 2818 1259 3096 1324; x_wconf 89' lang='lat' dir='ltr'>termino</span> 
     </span>
     <span class='ocr_line' id='line_1_10' title="bbox 581 1367 3100 1462; baseline -0.004 -20"><span class='ocrx_word' id='word_1_81' title='bbox 581 1376 952 1442; x_wconf 89' lang='lat' dir='ltr'>Herodotus</span> <span class='ocrx_word' id='word_1_82' title='bbox 1008 1375 1194 1439; x_wconf 90' lang='lat' dir='ltr'>docet</span> <span class='ocrx_word' id='word_1_83' title='bbox 1241 1372 1333 1462; x_wconf 85' lang='lat' dir='ltr'>(II</span> <span class='ocrx_word' id='word_1_84' title='bbox 1369 1376 1473 1439; x_wconf 77' lang='lat'>32.</span> <span class='ocrx_word' id='word_1_85' title='bbox 1519 1371 1613 1437; x_wconf 84' lang='lat' dir='ltr'>IV</span> <span class='ocrx_word' id='word_1_86' title='bbox 1649 1374 1755 1437; x_wconf 83' lang='lat'>43.</span> <span class='ocrx_word' id='word_1_87' title='bbox 1808 1372 1949 1436; x_wconf 78' lang='lat'>185.</span> <span class='ocrx_word' id='word_1_88' title='bbox 2003 1369 2160 1457; x_wconf 81' lang='lat'>196)</span> <span class='ocrx_word' id='word_1_89' title='bbox 2206 1370 2354 1435; x_wconf 87' lang='lat' dir='ltr'>inde</span> <span class='ocrx_word' id='word_1_90' title='bbox 2402 1368 2611 1452; x_wconf 90' lang='lat' dir='ltr'>repeti</span> <span class='ocrx_word' id='word_1_91' title='bbox 2659 1367 2870 1451; x_wconf 91' lang='lat' dir='ltr'>iubet,</span> <span class='ocrx_word' id='word_1_92' title='bbox 2927 1368 3100 1451; x_wconf 90' lang='lat' dir='ltr'>quod</span> 
     </span>
     <span class='ocr_line' id='line_1_11' title="bbox 583 1462 3100 1564; baseline -0.004 -17"><span class='ocrx_word' id='word_1_93' title='bbox 583 1483 819 1547; x_wconf 88' lang='lat' dir='ltr'>Hanno</span> <span class='ocrx_word' id='word_1_94' title='bbox 865 1503 903 1544; x_wconf 88' lang='lat' dir='ltr'>a</span> <span class='ocrx_word' id='word_1_95' title='bbox 940 1479 1380 1564; x_wconf 89' lang='lat' dir='ltr'>Thymiaterio</span> <span class='ocrx_word' id='word_1_96' title='bbox 1428 1480 1508 1543; x_wconf 90' lang='lat' dir='ltr'>ad</span> <span class='ocrx_word' id='word_1_97' title='bbox 1547 1478 1920 1544; x_wconf 83' lang='lat' dir='ltr'>Soloentem</span> <span class='ocrx_word' id='word_1_98' title='bbox 1958 1500 2160 1562; x_wconf 88' lang='lat' dir='ltr'>usque</span> <span class='ocrx_word' id='word_1_99' title='bbox 2198 1475 2723 1562; x_wconf 93' lang='lat' dir='ltr'>promunturium</span> <span class='ocrx_word' id='word_1_100' title='bbox 2758 1462 3100 1558; x_wconf 83' lang='lat' dir='ltr'>vesperum</span> 
     </span>
     <span class='ocr_line' id='line_1_12' title="bbox 582 1582 3101 1671; baseline -0.004 -17"><span class='ocrx_word' id='word_1_101' title='bbox 582 1611 807 1654; x_wconf 85' lang='lat' dir='ltr'>versus</span> <span class='ocrx_word' id='word_1_102' title='bbox 871 1610 940 1652; x_wconf 91' lang='lat' dir='ltr'>se</span> <span class='ocrx_word' id='word_1_103' title='bbox 1005 1586 1316 1671; x_wconf 91' lang='lat' dir='ltr'>tenuisse,</span> <span class='ocrx_word' id='word_1_104' title='bbox 1380 1586 1533 1651; x_wconf 91' lang='lat' dir='ltr'>hinc</span> <span class='ocrx_word' id='word_1_105' title='bbox 1598 1589 1814 1650; x_wconf 91' lang='lat' dir='ltr'>ortum</span> <span class='ocrx_word' id='word_1_106' title='bbox 1877 1585 2117 1669; x_wconf 89' lang='lat' dir='ltr'>petisse</span> <span class='ocrx_word' id='word_1_107' title='bbox 2182 1589 2425 1650; x_wconf 90' lang='lat' dir='ltr'>narret:</span> <span class='ocrx_word' id='word_1_108' title='bbox 2461 1604 2654 1666; x_wconf 71' lang='lat' dir='ltr'>quae</span> <span class='ocrx_word' id='word_1_109' title='bbox 2717 1603 2911 1665; x_wconf 88' lang='lat' dir='ltr'>quam</span> <span class='ocrx_word' id='word_1_110' title='bbox 2970 1582 3101 1646; x_wconf 91' lang='lat' dir='ltr'>sint</span> 
     </span>
     <span class='ocr_line' id='line_1_13' title="bbox 584 1691 3101 1781; baseline -0.003 -20"><span class='ocrx_word' id='word_1_111' title='bbox 584 1693 981 1781; x_wconf 78' lang='lat' dir='ltr'>probabilia,</span> <span class='ocrx_word' id='word_1_112' title='bbox 1036 1696 1111 1757; x_wconf 94' lang='lat' dir='ltr'>tu</span> <span class='ocrx_word' id='word_1_113' title='bbox 1163 1694 1404 1758; x_wconf 85' lang='lat' dir='ltr'>videas!</span> <span class='ocrx_word' id='word_1_114' title='bbox 1500 1693 1563 1757; x_wconf 88' lang='lat' dir='ltr'>N</span> <span class='ocrx_word' id='word_1_115' title='bbox 1566 1715 1637 1758; x_wconf 93' lang='lat' dir='ltr'>ec</span> <span class='ocrx_word' id='word_1_116' title='bbox 1693 1691 1924 1757; x_wconf 88' lang='lat' dir='ltr'>melius</span> <span class='ocrx_word' id='word_1_117' title='bbox 1970 1693 2263 1776; x_wconf 82' lang='lat' dir='ltr'>profecto</span> <span class='ocrx_word' id='word_1_118' title='bbox 2312 1693 2684 1775; x_wconf 91' lang='lat' dir='ltr'>comparata</span> <span class='ocrx_word' id='word_1_119' title='bbox 2730 1693 2882 1754; x_wconf 93' lang='lat' dir='ltr'>sunt</span> <span class='ocrx_word' id='word_1_120' title='bbox 2939 1712 3101 1773; x_wconf 90' lang='lat' dir='ltr'>quae</span> 
     </span>
     <span class='ocr_line' id='line_1_14' title="bbox 586 1797 3106 1889; baseline -0.002 -22"><span class='ocrx_word' id='word_1_121' title='bbox 586 1806 923 1889; x_wconf 88' lang='lat' dir='ltr'>praeterea</span> <span class='ocrx_word' id='word_1_122' title='bbox 960 1801 1318 1865; x_wconf 86' lang='lat' dir='ltr'>afferuntur</span> <span class='ocrx_word' id='word_1_123' title='bbox 1354 1801 1539 1864; x_wconf 85' lang='lat' dir='ltr'>haec:</span> <span class='ocrx_word' id='word_1_124' title='bbox 1576 1798 1958 1883; x_wconf 75' lang='lat' dir='ltr'>perhibetur</span> <span class='ocrx_word' id='word_1_125' title='bbox 1994 1799 2088 1864; x_wconf 87' lang='lat' dir='ltr'>IV</span> <span class='ocrx_word' id='word_1_126' title='bbox 2128 1802 2273 1884; x_wconf 82' lang='lat'>183,</span> <span class='ocrx_word' id='word_1_127' title='bbox 2313 1799 2736 1865; x_wconf 76' lang='lat' dir='ltr'>Garamantas</span> <span class='ocrx_word' id='word_1_128' title='bbox 2773 1797 3106 1885; x_wconf 84' lang='lat' dir='ltr'>quadrigis</span> 
     </span>
     <span class='ocr_line' id='line_1_15' title="bbox 589 1907 3107 1994; baseline -0.001 -19"><span class='ocrx_word' id='word_1_129' title='bbox 589 1933 742 1975; x_wconf 88' lang='lat' dir='ltr'>usos</span> <span class='ocrx_word' id='word_1_130' title='bbox 814 1907 1035 1972; x_wconf 85' lang='lat' dir='ltr'>venari</span> <span class='ocrx_word' id='word_1_131' title='bbox 1098 1908 1557 1994; x_wconf 84' lang='lat' dir='ltr'>Troglodytas:</span> <span class='ocrx_word' id='word_1_132' title='bbox 1632 1908 1702 1972; x_wconf 81' lang='lat' dir='ltr'>oc</span> <span class='ocrx_word' id='word_1_133' title='bbox 1771 1908 1896 1990; x_wconf 81' lang='grc' dir='ltr'>γὰρ</span> <span class='ocrx_word' id='word_1_134' title='bbox 1972 1909 2442 1992; x_wconf 82' lang='grc' dir='ltr'><strong><em>Τρωγλοδύται</em></strong></span> <span class='ocrx_word' id='word_1_135' title='bbox 2509 1908 2836 1984; x_wconf 70' lang='grc' dir='ltr'><strong><em>Αὐθιόπες</em></strong></span> <span class='ocrx_word' id='word_1_136' title='bbox 2898 1909 3107 1985; x_wconf 82' lang='grc' dir='ltr'><strong><em>πόδας</em></strong></span> 
     </span>
     <span class='ocr_line' id='line_1_16' title="bbox 593 2006 3109 2102; baseline -0.001 -21"><span class='ocrx_word' id='word_1_137' title='bbox 593 2019 890 2102; x_wconf 79' lang='grc' dir='ltr'><strong><em>τάχιστοι</em></strong></span> <span class='ocrx_word' id='word_1_138' title='bbox 948 2006 1333 2099; x_wconf 64' lang='grc' dir='ltr'><strong><em>ἀνθρώπων</em></strong></span> <span class='ocrx_word' id='word_1_139' title='bbox 1379 2016 1647 2079; x_wconf 80' lang='grc' dir='ltr'><strong><em>πάντων</em></strong></span> <span class='ocrx_word' id='word_1_140' title='bbox 1695 2012 1825 2078; x_wconf 77' lang='grc' dir='ltr'><strong><em>εἰσὶ</em></strong></span> <span class='ocrx_word' id='word_1_141' title='bbox 1883 2026 2017 2080; x_wconf 81' lang='grc' dir='ltr'>τῶν</span> <span class='ocrx_word' id='word_1_142' title='bbox 2062 2014 2250 2098; x_wconf 81' lang='grc' dir='ltr'><em>ἡμεῖς</em></span> <span class='ocrx_word' id='word_1_143' title='bbox 2294 2013 2446 2099; x_wconf 81' lang='grc' dir='ltr'><strong><em>πέρι</em></strong></span> <span class='ocrx_word' id='word_1_144' title='bbox 2493 2016 2735 2096; x_wconf 81' lang='grc' dir='ltr'><strong><em>λόγους</em></strong></span> <span class='ocrx_word' id='word_1_145' title='bbox 2780 2014 3109 2099; x_wconf 83' lang='grc' dir='ltr'><strong><em>ἀποφερο-</em></strong></span> 
     </span>
     <span class='ocr_line' id='line_1_17' title="bbox 594 2118 3110 2210; baseline -0.002 -21"><span class='ocrx_word' id='word_1_146' title='bbox 594 2124 838 2209; x_wconf 81' lang='grc' dir='ltr'><strong><em>μένους</em></strong></span> <span class='ocrx_word' id='word_1_147' title='bbox 884 2121 1215 2207; x_wconf 84' lang='grc' dir='ltr'><strong><em>ἀκούομεν</em></strong></span> <span class='ocrx_word' id='word_1_148' title='bbox 1269 2121 1377 2210; x_wconf 87' lang='lat' dir='ltr'>(cf.</span> <span class='ocrx_word' id='word_1_149' title='bbox 1427 2121 1622 2186; x_wconf 83' lang='lat' dir='ltr'>Solin.</span> <span class='ocrx_word' id='word_1_150' title='bbox 1671 2124 1822 2206; x_wconf 77' lang='lat'>229,</span> <span class='ocrx_word' id='word_1_151' title='bbox 1870 2123 1927 2186; x_wconf 88' lang='grc'>8.</span> <span class='ocrx_word' id='word_1_152' title='bbox 1976 2118 2065 2208; x_wconf 83' lang='lat'>9).</span> <span class='ocrx_word' id='word_1_153' title='bbox 2158 2121 2320 2186; x_wconf 84' lang='lat' dir='ltr'>Cum</span> <span class='ocrx_word' id='word_1_154' title='bbox 2364 2143 2516 2207; x_wconf 83' lang='lat' dir='ltr'>vero</span> <span class='ocrx_word' id='word_1_155' title='bbox 2562 2120 2798 2185; x_wconf 86' lang='lat' dir='ltr'>Ha‘nno</span> <span class='ocrx_word' id='word_1_156' title='bbox 2852 2143 3110 2204; x_wconf 90' lang='lat' dir='ltr'>quoque</span> 
     </span>
     <span class='ocr_line' id='line_1_18' title="bbox 592 2227 3113 2319; baseline -0.001 -24"><span class='ocrx_word' id='word_1_157' title='bbox 592 2230 663 2319; x_wconf 66' lang='grc' dir='ltr'>(ξ</span> <span class='ocrx_word' id='word_1_158' title='bbox 714 2227 784 2316; x_wconf 85' lang='grc'>7)</span> <span class='ocrx_word' id='word_1_159' title='bbox 840 2229 1272 2315; x_wconf 84' lang='lat' dir='ltr'>Troglodytas</span> <span class='ocrx_word' id='word_1_160' title='bbox 1335 2228 1614 2312; x_wconf 88' lang='lat' dir='ltr'>pedibus</span> <span class='ocrx_word' id='word_1_161' title='bbox 1673 2227 1964 2292; x_wconf 91' lang='lat' dir='ltr'>omnium</span> <span class='ocrx_word' id='word_1_162' title='bbox 2017 2228 2355 2293; x_wconf 91' lang='lat' dir='ltr'>hominum</span> <span class='ocrx_word' id='word_1_163' title='bbox 2417 2228 2854 2293; x_wconf 89' lang='lat' dir='ltr'>velocissimos</span> <span class='ocrx_word' id='word_1_164' title='bbox 2908 2233 3113 2312; x_wconf 85' lang='lat' dir='ltr'>vocet,</span> 
     </span>
     <span class='ocr_line' id='line_1_19' title="bbox 593 2333 3113 2432; baseline -0.001 -31"><span class='ocrx_word' id='word_1_165' title='bbox 593 2338 739 2402; x_wconf 87' lang='lat' dir='ltr'>inde</span> <span class='ocrx_word' id='word_1_166' title='bbox 823 2335 1142 2432; x_wconf 81' lang='lat' dir='ltr'>colligunt</span> <span class='ocrx_word' id='word_1_167' title='bbox 1224 2334 1594 2399; x_wconf 88' lang='lat' dir='ltr'>Herodotea</span> <span class='ocrx_word' id='word_1_168' title='bbox 1676 2333 1942 2398; x_wconf 85' lang='lat' dir='ltr'>fluxisse</span> <span class='ocrx_word' id='word_1_169' title='bbox 2031 2356 2111 2397; x_wconf 83' lang='lat' dir='ltr'>ex</span> <span class='ocrx_word' id='word_1_170' title='bbox 2202 2333 2755 2421; x_wconf 87' lang='lat' dir='ltr'>Carthaginiensis</span> <span class='ocrx_word' id='word_1_171' title='bbox 2836 2335 3113 2420; x_wconf 85' lang='lat' dir='ltr'>periplo,</span> 
     </span>
     <span class='ocr_line' id='line_1_20' title="bbox 593 2440 3115 2530; baseline -0 -22"><span class='ocrx_word' id='word_1_172' title='bbox 593 2445 978 2530; x_wconf 90' lang='lat' dir='ltr'>neglegunt,</span> <span class='ocrx_word' id='word_1_173' title='bbox 1035 2442 1208 2526; x_wconf 91' lang='lat' dir='ltr'>quod</span> <span class='ocrx_word' id='word_1_174' title='bbox 1262 2440 1579 2506; x_wconf 87' lang='lat' dir='ltr'>Herodoti</span> <span class='ocrx_word' id='word_1_175' title='bbox 1625 2440 2061 2525; x_wconf 86' lang='lat' dir='ltr'>Troglodytae</span> <span class='ocrx_word' id='word_1_176' title='bbox 2116 2463 2249 2505; x_wconf 94' lang='lat' dir='ltr'>non</span> <span class='ocrx_word' id='word_1_177' title='bbox 2308 2441 2400 2504; x_wconf 90' lang='lat' dir='ltr'>ita</span> <span class='ocrx_word' id='word_1_178' title='bbox 2455 2442 2733 2506; x_wconf 84' lang='lat' dir='ltr'>multum</span> <span class='ocrx_word' id='word_1_179' title='bbox 2787 2443 3021 2508; x_wconf 90' lang='lat' dir='ltr'>remoti</span> <span class='ocrx_word' id='word_1_180' title='bbox 3078 2467 3115 2507; x_wconf 99' lang='lat' dir='ltr'>a</span> 
     </span>
     <span class='ocr_line' id='line_1_21' title="bbox 597 2546 3114 2635; baseline -0 -18"><span class='ocrx_word' id='word_1_181' title='bbox 597 2548 1097 2617; x_wconf 79' lang='lat' dir='ltr'>Garamantibus</span> <span class='ocrx_word' id='word_1_182' title='bbox 1162 2548 1543 2613; x_wconf 88' lang='lat' dir='ltr'>habitarunt</span> <span class='ocrx_word' id='word_1_183' title='bbox 1560 2598 1578 2632; x_wconf 95' lang='lat'>,</span> <span class='ocrx_word' id='word_1_184' title='bbox 1653 2546 1847 2611; x_wconf 90' lang='lat' dir='ltr'>sicuti</span> <span class='ocrx_word' id='word_1_185' title='bbox 1910 2546 2319 2612; x_wconf 92' lang='lat' dir='ltr'>incoluerunt</span> <span class='ocrx_word' id='word_1_186' title='bbox 2384 2548 2580 2613; x_wconf 90' lang='lat' dir='ltr'>etiam</span> <span class='ocrx_word' id='word_1_187' title='bbox 2644 2550 2802 2616; x_wconf 91' lang='lat' dir='ltr'>alias</span> <span class='ocrx_word' id='word_1_188' title='bbox 2865 2551 3114 2635; x_wconf 90' lang='lat' dir='ltr'>Libyae</span> 
     </span>
    </p>
   </div>
   <div class='ocr_carea' id='block_1_3' title="bbox 596 2653 3125 4248">
    <p class='ocr_par' dir='ltr' id='par_1_3' title="bbox 596 2653 3125 4248">
     <span class='ocr_line' id='line_1_22' title="bbox 596 2653 3113 2744; baseline 0.001 -23"><span class='ocrx_word' id='word_1_189' title='bbox 596 2662 817 2743; x_wconf 91' lang='lat' dir='ltr'>partes</span> <span class='ocrx_word' id='word_1_190' title='bbox 883 2655 990 2744; x_wconf 86' lang='lat' dir='ltr'>(cf.</span> <span class='ocrx_word' id='word_1_191' title='bbox 1045 2655 1200 2719; x_wconf 91' lang='lat' dir='ltr'>Hec.</span> <span class='ocrx_word' id='word_1_192' title='bbox 1257 2655 1333 2719; x_wconf 86' lang='lat' dir='ltr'>fr.</span> <span class='ocrx_word' id='word_1_193' title='bbox 1390 2655 1521 2720; x_wconf 80' lang='lat'>266</span> <span class='ocrx_word' id='word_1_194' title='bbox 1541 2653 1627 2719; x_wconf 91' lang='grc' dir='ltr'>Μ.</span> <span class='ocrx_word' id='word_1_195' title='bbox 1719 2653 1992 2719; x_wconf 90' lang='lat' dir='ltr'>Aristot.</span> <span class='ocrx_word' id='word_1_196' title='bbox 2050 2654 2239 2719; x_wconf 89' lang='lat' dir='ltr'>anim.</span> <span class='ocrx_word' id='word_1_197' title='bbox 2298 2654 2452 2721; x_wconf 89' lang='lat' dir='ltr'>VHI</span> <span class='ocrx_word' id='word_1_198' title='bbox 2502 2654 2614 2744; x_wconf 82' lang='lat'>14)</span> <span class='ocrx_word' id='word_1_199' title='bbox 2681 2661 2745 2721; x_wconf 91' lang='lat' dir='ltr'>et</span> <span class='ocrx_word' id='word_1_200' title='bbox 2805 2658 3113 2723; x_wconf 89' lang='lat' dir='ltr'>incolunt.</span> 
     </span>
     <span class='ocr_line' id='line_1_23' title="bbox 596 2760 3115 2849; baseline 0 -19"><span class='ocrx_word' id='word_1_201' title='bbox 596 2765 933 2830; x_wconf 90' lang='lat' dir='ltr'>Traditum</span> <span class='ocrx_word' id='word_1_202' title='bbox 998 2762 1147 2828; x_wconf 88' lang='lat' dir='ltr'>dein</span> <span class='ocrx_word' id='word_1_203' title='bbox 1210 2761 1577 2847; x_wconf 91' lang='lat' dir='ltr'>accepimus</span> <span class='ocrx_word' id='word_1_204' title='bbox 1643 2760 1765 2849; x_wconf 84' lang='lat' dir='ltr'>(IV</span> <span class='ocrx_word' id='word_1_205' title='bbox 1816 2760 1997 2849; x_wconf 86' lang='lat'>191),</span> <span class='ocrx_word' id='word_1_206' title='bbox 2062 2786 2100 2826; x_wconf 89' lang='lat' dir='ltr'>a</span> <span class='ocrx_word' id='word_1_207' title='bbox 2163 2763 2496 2829; x_wconf 88' lang='lat' dir='ltr'>Tritonide</span> <span class='ocrx_word' id='word_1_208' title='bbox 2550 2764 2694 2828; x_wconf 90' lang='lat' dir='ltr'>lacu</span> <span class='ocrx_word' id='word_1_209' title='bbox 2751 2765 2884 2830; x_wconf 89' lang='lat' dir='ltr'>sive</span> <span class='ocrx_word' id='word_1_210' title='bbox 2941 2767 3115 2831; x_wconf 89' lang='lat' dir='ltr'>amni</span> 
     </span>
     <span class='ocr_line' id='line_1_24' title="bbox 599 2867 3117 2955; baseline 0.001 -18"><span class='ocrx_word' id='word_1_211' title='bbox 599 2894 899 2937; x_wconf 91' lang='lat' dir='ltr'>occasum</span> <span class='ocrx_word' id='word_1_212' title='bbox 943 2893 1166 2936; x_wconf 85' lang='lat' dir='ltr'>versus</span> <span class='ocrx_word' id='word_1_213' title='bbox 1212 2868 1497 2953; x_wconf 80' lang='lat' dir='ltr'>incipere</span> <span class='ocrx_word' id='word_1_214' title='bbox 1540 2867 1874 2955; x_wconf 90' lang='lat' dir='ltr'>regionem</span> <span class='ocrx_word' id='word_1_215' title='bbox 1912 2868 2185 2953; x_wconf 84' lang='grc' dir='ltr'><strong><em>ὀρεινήν</em></strong></span> <span class='ocrx_word' id='word_1_216' title='bbox 2222 2893 2290 2934; x_wconf 91' lang='grc' dir='ltr'>τε</span> <span class='ocrx_word' id='word_1_217' title='bbox 2330 2871 2537 2954; x_wconf 79' lang='grc' dir='ltr'><strong><em>κάρτα</em></strong></span> <span class='ocrx_word' id='word_1_218' title='bbox 2574 2869 2684 2936; x_wconf 85' lang='grc' dir='ltr'>καὶ</span> <span class='ocrx_word' id='word_1_219' title='bbox 2723 2871 2970 2938; x_wconf 78' lang='grc' dir='ltr'><em>δασέαν</em></span> <span class='ocrx_word' id='word_1_220' title='bbox 3005 2874 3117 2940; x_wconf 83' lang='grc' dir='ltr'>καὶ</span> 
     </span>
     <span class='ocr_line' id='line_1_25' title="bbox 601 2975 3125 3065; baseline 0.002 -22"><span class='ocrx_word' id='word_1_221' title='bbox 601 2980 991 3063; x_wconf 81' lang='grc' dir='ltr'><strong><em>θηριώὸην,</em></strong></span> <span class='ocrx_word' id='word_1_222' title='bbox 1065 2976 1346 3042; x_wconf 89' lang='lat' dir='ltr'>cuiusvis</span> <span class='ocrx_word' id='word_1_223' title='bbox 1419 2975 1675 3061; x_wconf 89' lang='lat' dir='ltr'>generis</span> <span class='ocrx_word' id='word_1_224' title='bbox 1750 2975 2124 3040; x_wconf 86' lang='lat' dir='ltr'>infestatam</span> <span class='ocrx_word' id='word_1_225' title='bbox 2189 2976 2611 3042; x_wconf 87' lang='lat' dir='ltr'>animalibus:</span> <span class='ocrx_word' id='word_1_226' title='bbox 2684 2977 2796 3044; x_wconf 84' lang='grc' dir='ltr'>καὶ</span> <span class='ocrx_word' id='word_1_227' title='bbox 2859 2983 2985 3065; x_wconf 82' lang='grc' dir='ltr'>γὰρ</span> <span class='ocrx_word' id='word_1_228' title='bbox 3052 2986 3125 3048; x_wconf 82' lang='grc' dir='ltr'>οἱ</span> 
     </span>
     <span class='ocr_line' id='line_1_26' title="bbox 605 3081 3125 3171; baseline 0.002 -21"><span class='ocrx_word' id='word_1_229' title='bbox 605 3087 794 3168; x_wconf 79' lang='grc' dir='ltr'><strong><em>ὄφιες</em></strong></span> <span class='ocrx_word' id='word_1_230' title='bbox 840 3085 911 3150; x_wconf 79' lang='grc' dir='ltr'>οἰ</span> <span class='ocrx_word' id='word_1_231' title='bbox 951 3084 1445 3171; x_wconf 77' lang='grc' dir='ltr'><strong><em>ὑπερμεγάθεες</em></strong></span> <span class='ocrx_word' id='word_1_232' title='bbox 1489 3081 1600 3147; x_wconf 83' lang='grc' dir='ltr'>καὶ</span> <span class='ocrx_word' id='word_1_233' title='bbox 1638 3084 1709 3148; x_wconf 78' lang='grc' dir='ltr'>οἰ</span> <span class='ocrx_word' id='word_1_234' title='bbox 1742 3083 2002 3161; x_wconf 83' lang='grc' dir='ltr'><strong><em>λέοντες</em></strong></span> <span class='ocrx_word' id='word_1_235' title='bbox 2048 3086 2211 3149; x_wconf 82' lang='grc' dir='ltr'><strong><em>κατὰ</em></strong></span> <span class='ocrx_word' id='word_1_236' title='bbox 2257 3085 2536 3162; x_wconf 82' lang='grc' dir='ltr'><strong><em>τούτους</em></strong></span> <span class='ocrx_word' id='word_1_237' title='bbox 2581 3084 2712 3151; x_wconf 79' lang='grc' dir='ltr'><strong><em>εἰσὶ</em></strong></span> <span class='ocrx_word' id='word_1_238' title='bbox 2751 3136 2765 3152; x_wconf 94' lang='grc'><strong>.</strong></span> <span class='ocrx_word' id='word_1_239' title='bbox 2794 3138 2810 3152; x_wconf 93' lang='grc'><strong>.</strong></span> <span class='ocrx_word' id='word_1_240' title='bbox 2842 3139 2855 3152; x_wconf 94' lang='grc'><strong>.</strong></span> <span class='ocrx_word' id='word_1_241' title='bbox 2894 3086 3005 3154; x_wconf 82' lang='grc' dir='ltr'>καὶ</span> <span class='ocrx_word' id='word_1_242' title='bbox 3052 3091 3125 3155; x_wconf 78' lang='grc' dir='ltr'>οἰ</span> 
     </span>
     <span class='ocr_line' id='line_1_27' title="bbox 604 3188 3121 3278; baseline 0.001 -21"><span class='ocrx_word' id='word_1_243' title='bbox 604 3194 827 3278; x_wconf 79' lang='grc' dir='ltr'><strong><em>ἄγριοι</em></strong></span> <span class='ocrx_word' id='word_1_244' title='bbox 884 3192 1124 3277; x_wconf 77' lang='grc' dir='ltr'><strong><em>ἄνδρες</em></strong></span> <span class='ocrx_word' id='word_1_245' title='bbox 1181 3188 1290 3256; x_wconf 85' lang='grc' dir='ltr'>καὶ</span> <span class='ocrx_word' id='word_1_246' title='bbox 1345 3200 1654 3274; x_wconf 83' lang='grc' dir='ltr'><strong><em>γυναῖκες</em></strong></span> <span class='ocrx_word' id='word_1_247' title='bbox 1707 3192 1949 3274; x_wconf 76' lang='grc' dir='ltr'><strong><em>ἄγριαι.</em></strong></span> <span class='ocrx_word' id='word_1_248' title='bbox 2050 3190 2248 3256; x_wconf 85' lang='lat' dir='ltr'>Feros</span> <span class='ocrx_word' id='word_1_249' title='bbox 2304 3193 2426 3256; x_wconf 92' lang='lat' dir='ltr'>hos</span> <span class='ocrx_word' id='word_1_250' title='bbox 2483 3192 2779 3259; x_wconf 90' lang='lat' dir='ltr'>homines</span> <span class='ocrx_word' id='word_1_251' title='bbox 2832 3195 3121 3260; x_wconf 85' lang='lat' dir='ltr'>referunt</span> 
     </span>
     <span class='ocr_line' id='line_1_28' title="bbox 601 3297 3118 3388; baseline 0.002 -24"><span class='ocrx_word' id='word_1_252' title='bbox 601 3298 800 3384; x_wconf 87' lang='lat' dir='ltr'>vulgo</span> <span class='ocrx_word' id='word_1_253' title='bbox 847 3299 928 3362; x_wconf 88' lang='lat' dir='ltr'>ad</span> <span class='ocrx_word' id='word_1_254' title='bbox 973 3297 1314 3362; x_wconf 88' lang='lat' dir='ltr'>Hannonis</span> <span class='ocrx_word' id='word_1_255' title='bbox 1360 3298 1732 3381; x_wconf 78' lang='grc' dir='ltr'><strong><em>Γοργάδας;</em></strong></span> <span class='ocrx_word' id='word_1_256' title='bbox 1791 3301 2078 3363; x_wconf 90' lang='lat' dir='ltr'>attamen</span> <span class='ocrx_word' id='word_1_257' title='bbox 2123 3321 2269 3364; x_wconf 92' lang='lat' dir='ltr'>cum</span> <span class='ocrx_word' id='word_1_258' title='bbox 2315 3299 2552 3364; x_wconf 91' lang='lat' dir='ltr'>iterum</span> <span class='ocrx_word' id='word_1_259' title='bbox 2599 3300 2675 3365; x_wconf 89' lang='lat' dir='ltr'>de</span> <span class='ocrx_word' id='word_1_260' title='bbox 2721 3301 2986 3388; x_wconf 90' lang='lat' dir='ltr'>regione</span> <span class='ocrx_word' id='word_1_261' title='bbox 3036 3304 3118 3369; x_wconf 92' lang='lat' dir='ltr'>ab</span> 
     </span>
     <span class='ocr_line' id='line_1_29' title="bbox 605 3404 3121 3493; baseline 0.003 -24"><span class='ocrx_word' id='word_1_262' title='bbox 605 3405 997 3469; x_wconf 88' lang='lat' dir='ltr'>australibus</span> <span class='ocrx_word' id='word_1_263' title='bbox 1044 3404 1188 3468; x_wconf 91' lang='lat' dir='ltr'>istis</span> <span class='ocrx_word' id='word_1_264' title='bbox 1234 3404 1463 3469; x_wconf 84' lang='lat' dir='ltr'>insulis</span> <span class='ocrx_word' id='word_1_265' title='bbox 1509 3407 1649 3469; x_wconf 91' lang='lat' dir='ltr'>toto</span> <span class='ocrx_word' id='word_1_266' title='bbox 1697 3405 1877 3469; x_wconf 93' lang='lat' dir='ltr'>coelo</span> <span class='ocrx_word' id='word_1_267' title='bbox 1926 3405 2150 3471; x_wconf 87' lang='lat' dir='ltr'>dissita</span> <span class='ocrx_word' id='word_1_268' title='bbox 2196 3429 2404 3471; x_wconf 88' lang='lat' dir='ltr'>sermo</span> <span class='ocrx_word' id='word_1_269' title='bbox 2453 3411 2568 3492; x_wconf 91' lang='lat' dir='ltr'>est,</span> <span class='ocrx_word' id='word_1_270' title='bbox 2614 3412 2773 3493; x_wconf 91' lang='lat' dir='ltr'>tum,</span> <span class='ocrx_word' id='word_1_271' title='bbox 2821 3414 2892 3474; x_wconf 93' lang='lat' dir='ltr'>ut</span> <span class='ocrx_word' id='word_1_272' title='bbox 2932 3434 3121 3476; x_wconf 91' lang='lat' dir='ltr'>omne</span> 
     </span>
     <span class='ocr_line' id='line_1_30' title="bbox 604 3510 3123 3604; baseline 0.002 -27"><span class='ocrx_word' id='word_1_273' title='bbox 604 3512 1096 3577; x_wconf 86' lang='lat' dir='ltr'>fundamentum</span> <span class='ocrx_word' id='word_1_274' title='bbox 1150 3510 1246 3574; x_wconf 92' lang='lat' dir='ltr'>illi</span> <span class='ocrx_word' id='word_1_275' title='bbox 1295 3512 1840 3597; x_wconf 89' lang='lat' dir='ltr'>argumentationi</span> <span class='ocrx_word' id='word_1_276' title='bbox 1889 3513 2227 3599; x_wconf 87' lang='lat' dir='ltr'>eripiatur,</span> <span class='ocrx_word' id='word_1_277' title='bbox 2283 3514 2847 3598; x_wconf 91' lang='lat' dir='ltr'>persuasissimum</span> <span class='ocrx_word' id='word_1_278' title='bbox 2892 3518 3123 3604; x_wconf 88' lang='lat' dir='ltr'>habe0,</span> 
     </span>
     <span class='ocr_line' id='line_1_31' title="bbox 605 3617 3120 3708; baseline 0.003 -23"><span class='ocrx_word' id='word_1_279' title='bbox 605 3625 853 3685; x_wconf 89' lang='lat' dir='ltr'>rectum</span> <span class='ocrx_word' id='word_1_280' title='bbox 897 3617 1133 3684; x_wconf 82' lang='lat' dir='ltr'>vidisse</span> <span class='ocrx_word' id='word_1_281' title='bbox 1171 3618 1520 3684; x_wconf 90' lang='lat' dir='ltr'>Baehrium</span> <span class='ocrx_word' id='word_1_282' title='bbox 1565 3619 1657 3707; x_wconf 90' lang='lat' dir='ltr'>(p.</span> <span class='ocrx_word' id='word_1_283' title='bbox 1698 3617 1880 3706; x_wconf 83' lang='lat'>647),</span> <span class='ocrx_word' id='word_1_284' title='bbox 1926 3619 2037 3706; x_wconf 88' lang='lat' dir='ltr'>qui</span> <span class='ocrx_word' id='word_1_285' title='bbox 2076 3620 2188 3685; x_wconf 95' lang='lat' dir='ltr'>illa</span> <span class='ocrx_word' id='word_1_286' title='bbox 2223 3623 2439 3707; x_wconf 86' lang='lat' dir='ltr'>verba,</span> <span class='ocrx_word' id='word_1_287' title='bbox 2487 3646 2521 3687; x_wconf 93' lang='lat' dir='ltr'>e</span> <span class='ocrx_word' id='word_1_288' title='bbox 2564 3624 2804 3708; x_wconf 89' lang='lat' dir='ltr'>quibus</span> <span class='ocrx_word' id='word_1_289' title='bbox 2838 3630 2980 3691; x_wconf 91' lang='lat' dir='ltr'>tota</span> <span class='ocrx_word' id='word_1_290' title='bbox 3014 3649 3120 3692; x_wconf 91' lang='lat' dir='ltr'>res</span> 
     </span>
     <span class='ocr_line' id='line_1_32' title="bbox 605 3727 3117 3815; baseline 0.004 -25"><span class='ocrx_word' id='word_1_291' title='bbox 605 3727 862 3813; x_wconf 90' lang='lat' dir='ltr'>pendet,</span> <span class='ocrx_word' id='word_1_292' title='bbox 913 3749 950 3790; x_wconf 94' lang='lat' dir='ltr'>a</span> <span class='ocrx_word' id='word_1_293' title='bbox 995 3727 1235 3791; x_wconf 91' lang='lat' dir='ltr'>lectore</span> <span class='ocrx_word' id='word_1_294' title='bbox 1283 3727 1606 3811; x_wconf 90' lang='lat' dir='ltr'>quondam</span> <span class='ocrx_word' id='word_1_295' title='bbox 1651 3727 1932 3815; x_wconf 77' lang='lat' dir='ltr'>margini</span> <span class='ocrx_word' id='word_1_296' title='bbox 1978 3729 2304 3814; x_wconf 83' lang='lat' dir='ltr'>adscripta</span> <span class='ocrx_word' id='word_1_297' title='bbox 2348 3729 2564 3815; x_wconf 90' lang='lat' dir='ltr'>inepte</span> <span class='ocrx_word' id='word_1_298' title='bbox 2612 3732 2681 3797; x_wconf 92' lang='lat' dir='ltr'>in</span> <span class='ocrx_word' id='word_1_299' title='bbox 2725 3737 2980 3799; x_wconf 84' lang='lat' dir='ltr'>textum</span> <span class='ocrx_word' id='word_1_300' title='bbox 3026 3735 3117 3799; x_wconf 89' lang='lat' dir='ltr'>in-</span> 
     </span>
     <span class='ocr_line' id='line_1_33' title="bbox 607 3833 3117 3922; baseline 0.004 -24"><span class='ocrx_word' id='word_1_301' title='bbox 607 3838 789 3899; x_wconf 91' lang='lat' dir='ltr'>trusa</span> <span class='ocrx_word' id='word_1_302' title='bbox 843 3855 981 3897; x_wconf 88' lang='lat' dir='ltr'>esse</span> <span class='ocrx_word' id='word_1_303' title='bbox 1037 3834 1119 3897; x_wconf 91' lang='lat' dir='ltr'>ab</span> <span class='ocrx_word' id='word_1_304' title='bbox 1176 3833 1437 3899; x_wconf 90' lang='lat' dir='ltr'>indocto</span> <span class='ocrx_word' id='word_1_305' title='bbox 1496 3834 1767 3899; x_wconf 88' lang='lat' dir='ltr'>librario</span> <span class='ocrx_word' id='word_1_306' title='bbox 1825 3837 2184 3922; x_wconf 70' lang='lat' dir='ltr'>contendit,</span> <span class='ocrx_word' id='word_1_307' title='bbox 2246 3837 2543 3902; x_wconf 83' lang='lat' dir='ltr'>videlicet</span> <span class='ocrx_word' id='word_1_308' title='bbox 2599 3844 2812 3905; x_wconf 91' lang='lat' dir='ltr'>totum</span> <span class='ocrx_word' id='word_1_309' title='bbox 2867 3846 3117 3907; x_wconf 89' lang='lat' dir='ltr'>senten-</span> 
     </span>
     <span class='ocr_line' id='line_1_34' title="bbox 609 3939 3117 4028; baseline 0.004 -25"><span class='ocrx_word' id='word_1_310' title='bbox 609 3939 849 4004; x_wconf 91' lang='lat' dir='ltr'>tiarum</span> <span class='ocrx_word' id='word_1_311' title='bbox 900 3962 1142 4004; x_wconf 84' lang='lat' dir='ltr'>nexum</span> <span class='ocrx_word' id='word_1_312' title='bbox 1194 3941 1380 4005; x_wconf 81' lang='lat' dir='ltr'>foede</span> <span class='ocrx_word' id='word_1_313' title='bbox 1440 3940 1951 4028; x_wconf 88' lang='lat' dir='ltr'>interrumpunt,</span> <span class='ocrx_word' id='word_1_314' title='bbox 2013 3966 2158 4010; x_wconf 92' lang='lat' dir='ltr'>cum</span> <span class='ocrx_word' id='word_1_315' title='bbox 2215 3945 2622 4028; x_wconf 80' lang='lat' dir='ltr'>excipiantur</span> <span class='ocrx_word' id='word_1_316' title='bbox 2675 3948 2758 4011; x_wconf 91' lang='lat' dir='ltr'>ab</span> <span class='ocrx_word' id='word_1_317' title='bbox 2816 3947 2945 4013; x_wconf 91' lang='lat' dir='ltr'>his:</span> <span class='ocrx_word' id='word_1_318' title='bbox 3008 3948 3117 4014; x_wconf 83' lang='grc' dir='ltr'>καὶ</span> 
     </span>
     <span class='ocr_line' id='line_1_35' title="bbox 609 4033 3119 4137; baseline 0.004 -25"><span class='ocrx_word' id='word_1_319' title='bbox 609 4050 776 4112; x_wconf 80' lang='grc' dir='ltr'><em>ἄλλα</em></span> <span class='ocrx_word' id='word_1_320' title='bbox 821 4048 1072 4130; x_wconf 82' lang='grc' dir='ltr'><strong><em>πλήθει·</em></strong></span> <span class='ocrx_word' id='word_1_321' title='bbox 1112 4048 1325 4112; x_wconf 83' lang='grc' dir='ltr'><strong><em>πολλὰ</em></strong></span> <span class='ocrx_word' id='word_1_322' title='bbox 1369 4052 1612 4134; x_wconf 80' lang='grc' dir='ltr'><strong><em>θηρία</em></strong></span> <span class='ocrx_word' id='word_1_323' title='bbox 1660 4049 2135 4128; x_wconf 81' lang='grc' dir='ltr'><strong><em>ἀκατάψευστα.</em></strong></span> <span class='ocrx_word' id='word_1_324' title='bbox 2223 4033 2464 4128; x_wconf 80' lang='lat' dir='ltr'>Quodsi</span> <span class='ocrx_word' id='word_1_325' title='bbox 2511 4053 2785 4137; x_wconf 89' lang='lat' dir='ltr'>denique</span> <span class='ocrx_word' id='word_1_326' title='bbox 2832 4055 3119 4121; x_wconf 90' lang='lat' dir='ltr'>Herodo-</span> 
     </span>
     <span class='ocr_line' id='line_1_36' title="bbox 610 4153 3118 4248; baseline 0.003 -29"><span class='ocrx_word' id='word_1_327' title='bbox 610 4159 716 4219; x_wconf 92' lang='lat' dir='ltr'>tus</span> <span class='ocrx_word' id='word_1_328' title='bbox 761 4153 824 4218; x_wconf 88' lang='lat' dir='ltr'><strong>H</strong></span> <span class='ocrx_word' id='word_1_329' title='bbox 861 4155 942 4219; x_wconf 86' lang='lat'>31</span> <span class='ocrx_word' id='word_1_330' title='bbox 1004 4153 1088 4217; x_wconf 89' lang='lat' dir='ltr'>ob</span> <span class='ocrx_word' id='word_1_331' title='bbox 1145 4153 1476 4240; x_wconf 89' lang='lat' dir='ltr'>ingentem</span> <span class='ocrx_word' id='word_1_332' title='bbox 1532 4156 1687 4221; x_wconf 92' lang='lat' dir='ltr'>solis</span> <span class='ocrx_word' id='word_1_333' title='bbox 1742 4157 2036 4223; x_wconf 90' lang='lat' dir='ltr'>ardorem</span> <span class='ocrx_word' id='word_1_334' title='bbox 2090 4180 2253 4242; x_wconf 86' lang='lat' dir='ltr'>quae</span> <span class='ocrx_word' id='word_1_335' title='bbox 2300 4163 2451 4224; x_wconf 92' lang='lat' dir='ltr'>sunt</span> <span class='ocrx_word' id='word_1_336' title='bbox 2497 4182 2696 4245; x_wconf 90' lang='lat' dir='ltr'>supra</span> <span class='ocrx_word' id='word_1_337' title='bbox 2738 4160 3118 4248; x_wconf 88' lang='lat' dir='ltr'>Aegyptum</span> 
     </span>
    </p>
   </div>
   <div class='ocr_carea' id='block_1_4' title="bbox 747 4316 1035 4323">
    <p class='ocr_par' dir='ltr' id='par_1_4' title="bbox 747 4316 1035 4323">
     <span class='ocr_line' id='line_1_37' title="bbox 747 4316 1035 4323; baseline 0 1011"><span class='ocrx_word' id='word_1_338' title='bbox 747 4316 1035 4323; x_wconf 95' lang='lat' dir='ltr'> </span> 
     </span>
    </p>
   </div>
   <div class='ocr_carea' id='block_1_5' title="bbox 793 4418 3044 4497">
    <p class='ocr_par' dir='ltr' id='par_1_5' title="bbox 793 4418 3044 4497">
     <span class='ocr_line' id='line_1_38' title="bbox 793 4418 3044 4497; baseline 0.005 -25"><span class='ocrx_word' id='word_1_339' title='bbox 793 4422 844 4487; x_wconf 90' lang='lat'>1)</span> <span class='ocrx_word' id='word_1_340' title='bbox 883 4418 952 4474; x_wconf 84' lang='lat' dir='ltr'>cf.</span> <span class='ocrx_word' id='word_1_341' title='bbox 990 4419 1238 4488; x_wconf 76' lang='lat' dir='ltr'>Movere,</span> <span class='ocrx_word' id='word_1_342' title='bbox 1281 4421 1486 4477; x_wconf 77' lang='lat' dir='ltr'>Phoen.</span> <span class='ocrx_word' id='word_1_343' title='bbox 1526 4420 1578 4473; x_wconf 90' lang='lat' dir='ltr'>II</span> <span class='ocrx_word' id='word_1_344' title='bbox 1607 4425 1657 4488; x_wconf 82' lang='lat'>2,</span> <span class='ocrx_word' id='word_1_345' title='bbox 1686 4426 1807 4476; x_wconf 82' lang='lat'>495.</span> <span class='ocrx_word' id='word_1_346' title='bbox 1882 4420 2154 4491; x_wconf 85' lang='lat' dir='ltr'>Forbiger</span> <span class='ocrx_word' id='word_1_347' title='bbox 2188 4424 2243 4478; x_wconf 93' lang='lat' dir='ltr'>II</span> <span class='ocrx_word' id='word_1_348' title='bbox 2272 4430 2393 4481; x_wconf 82' lang='lat'>839.</span> <span class='ocrx_word' id='word_1_349' title='bbox 2468 4425 2727 4482; x_wconf 81' lang='lat' dir='ltr'>Mannert</span> <span class='ocrx_word' id='word_1_350' title='bbox 2762 4428 2813 4482; x_wconf 90' lang='lat' dir='ltr'>X</span> <span class='ocrx_word' id='word_1_351' title='bbox 2842 4434 2892 4497; x_wconf 84' lang='lat'>2,</span> <span class='ocrx_word' id='word_1_352' title='bbox 2927 4433 3044 4484; x_wconf 78' lang='lat'>155.</span> 
     </span>
    </p>
   </div>
   <div class='ocr_carea' id='block_1_6' title="bbox 613 4507 3112 4670">
    <p class='ocr_par' dir='ltr' id='par_1_6' title="bbox 613 4507 3112 4670">
     <span class='ocr_line' id='line_1_39' title="bbox 790 4507 3112 4589; baseline 0.004 -28"><span class='ocrx_word' id='word_1_353' title='bbox 790 4510 844 4578; x_wconf 77' lang='lat'>2)</span> <span class='ocrx_word' id='word_1_354' title='bbox 882 4508 952 4564; x_wconf 86' lang='lat' dir='ltr'>cf.</span> <span class='ocrx_word' id='word_1_355' title='bbox 1000 4507 1278 4576; x_wconf 88' lang='lat' dir='ltr'>Niebuhr,</span> <span class='ocrx_word' id='word_1_356' title='bbox 1322 4509 1419 4565; x_wconf 80' lang='grc' dir='ltr'>ΚΖ.</span> <span class='ocrx_word' id='word_1_357' title='bbox 1461 4509 1742 4577; x_wconf 74' lang='lat' dir='ltr'>Schriften</span> <span class='ocrx_word' id='word_1_358' title='bbox 1777 4511 1803 4563; x_wconf 94' lang='lat' dir='ltr'>I</span> <span class='ocrx_word' id='word_1_359' title='bbox 1840 4530 1894 4581; x_wconf 89' lang='lat' dir='ltr'>p.</span> <span class='ocrx_word' id='word_1_360' title='bbox 1929 4517 2046 4566; x_wconf 89' lang='lat'>148.</span> <span class='ocrx_word' id='word_1_361' title='bbox 2121 4512 2339 4570; x_wconf 71' lang='lat' dir='ltr'>Movere</span> <span class='ocrx_word' id='word_1_362' title='bbox 2375 4515 2570 4571; x_wconf 68' lang='lat' dir='ltr'>Erech.</span> <span class='ocrx_word' id='word_1_363' title='bbox 2611 4523 2665 4574; x_wconf 83' lang='lat' dir='ltr'>et</span> <span class='ocrx_word' id='word_1_364' title='bbox 2701 4517 2873 4573; x_wconf 77' lang='lat' dir='ltr'>Grub.</span> <span class='ocrx_word' id='word_1_365' title='bbox 2913 4518 3112 4589; x_wconf 72' lang='lat' dir='ltr'>encycl.</span> 
     </span>
     <span class='ocr_line' id='line_1_40' title="bbox 613 4596 2234 4670; baseline 0.006 -21"><span class='ocrx_word' id='word_1_366' title='bbox 613 4600 746 4652; x_wconf 82' lang='lat' dir='ltr'>sect.</span> <span class='ocrx_word' id='word_1_367' title='bbox 779 4600 800 4651; x_wconf 91' lang='lat' dir='ltr'>I</span> <span class='ocrx_word' id='word_1_368' title='bbox 839 4598 948 4652; x_wconf 86' lang='lat' dir='ltr'>vol.</span> <span class='ocrx_word' id='word_1_369' title='bbox 976 4596 1158 4651; x_wconf 87' lang='lat' dir='ltr'>XXIV</span> <span class='ocrx_word' id='word_1_370' title='bbox 1196 4615 1249 4666; x_wconf 87' lang='lat' dir='ltr'>p.</span> <span class='ocrx_word' id='word_1_371' title='bbox 1282 4605 1403 4654; x_wconf 86' lang='grc'><strong>366.</strong></span> <span class='ocrx_word' id='word_1_372' title='bbox 1477 4599 1714 4654; x_wconf 84' lang='lat' dir='ltr'>Mueller</span> <span class='ocrx_word' id='word_1_373' title='bbox 1742 4601 1886 4670; x_wconf 78' lang='lat' dir='ltr'>prol.</span> <span class='ocrx_word' id='word_1_374' title='bbox 1925 4618 1977 4669; x_wconf 88' lang='lat' dir='ltr'>p.</span> <span class='ocrx_word' id='word_1_375' title='bbox 2009 4601 2234 4658; x_wconf 90' lang='lat' dir='ltr'>XXVII.</span> 
     </span>
    </p>
   </div>
   <div class='ocr_carea' id='block_1_7' title="bbox 3444 2131 3456 2689">
    <p class='ocr_par' dir='ltr' id='par_1_7' title="bbox 3444 2131 3456 2689">
     <span class='ocr_line' id='line_1_41' title="bbox 3444 2131 3456 2689; baseline 0 0"><span class='ocrx_word' id='word_1_376' title='bbox 3444 2131 3456 2689; x_wconf 95' lang='lat' dir='ltr'> </span> 
     </span>
    </p>
   </div>
  </div>
 </body>
</html>
