3467 5334
1313 410 1396 465 De
1432 408 1723 466 Hannonis
1760 408 1982 464 itinere.
2822 410 2907 475 23

394 598 583 641 nemo
630 574 816 639 facile
865 572 1119 639 dixerit.
1202 573 1388 652 Quod
1433 595 1580 640 cum
1624 596 1758 638 non
1802 573 2078 660 fugisset
2122 573 2534 659 Muellerum,
2581 574 2692 659 qui
2737 597 2908 641 nunc

400 682 658 768 quidem
706 681 817 766 (ad
859 681 1025 746 Ptol.
1071 679 1165 745 IV
1206 684 1263 766 1,
1301 684 1343 747 2
1390 705 1452 765 p.
1491 678 1654 768 574)
1699 680 1771 746 in
1815 704 2038 746 eorum
2084 685 2293 747 castra
2337 680 2611 746 transire
2659 683 2907 767 statuit,

398 789 508 874 qui
572 787 819 854 Cernen
873 810 1021 852 cum
1074 786 1385 853 hodierna
1434 789 1652 854 Heme
1715 792 2111 873 componunt
2158 828 2242 835 --
2291 789 2701 853 dubitaverat
2759 790 2907 874 iam,

395 919 543 960 cum
607 896 1069 982 prolegomena
1141 895 1223 958 ad
1293 896 1705 981 geographos
1779 917 2045 990 graecos
2117 896 2399 961 minores
2472 896 2907 962 conscriberet

396 1002 504 1091 (cf.
552 1027 614 1087 p.
651 1000 903 1089 XXVI)
942 1041 1024 1049 —
1064 1024 1183 1085 pro
1230 998 1289 1086 β’
1336 1002 1602 1088 ἡμερῶν
1646 1001 1780 1088 legi
1825 1001 2033 1066 voluit
2077 1000 2139 1087 η’
2176 1003 2461 1088 ἡμερῶν,
2510 1026 2703 1088 quem
2739 1026 2905 1068 com-

394 1113 628 1193 putum
673 1132 712 1173 a
757 1131 907 1173 vero
955 1108 1249 1193 proxime
1294 1110 1520 1174 abesse
1567 1112 1801 1173 censet.
1884 1108 2027 1173 Hoc
2073 1132 2223 1174 sane
2268 1133 2492 1175 verum
2538 1115 2655 1195 est,
2701 1111 2813 1176 sed
2850 1112 2904 1175 si

393 1218 548 1282 licet
594 1239 714 1300 pro
772 1215 1043 1281 arbitrio
1101 1238 1264 1300 quae
1318 1216 1556 1281 tradita
1612 1219 1764 1280 sunt
1817 1217 2019 1281 verba
2072 1220 2349 1302 mutare,
2402 1217 2498 1281 nil
2552 1221 2676 1303 est,
2734 1219 2905 1303 quod

393 1347 527 1389 non
597 1323 804 1408 possit
877 1323 1063 1388 effici.
1171 1322 1506 1388 Postremo
1591 1345 1755 1407 quae
1822 1322 2095 1388 Entzius
2160 1322 2254 1411 (p.
2303 1320 2420 1409 33)
2493 1323 2568 1388 de
2642 1325 2763 1389 hac
2835 1349 2903 1391 re

396 1430 688 1516 protulit,
734 1430 938 1495 satius
983 1431 1143 1495 duco
1180 1434 1409 1496 tacere.
1489 1430 1762 1495 Leviora
1798 1434 1967 1515 sunt,
2014 1454 2177 1515 quae
2222 1435 2487 1515 restant,
2531 1453 2650 1495 nec
2686 1435 2904 1496 tamen

396 1563 514 1623 per
560 1561 626 1603 se
673 1538 1055 1622 spernenda:
1117 1560 1317 1602 unum
1363 1538 1715 1602 alterumve
1765 1537 2084 1624 attingam
2130 1537 2351 1622 potius
2399 1560 2591 1622 quam
2637 1539 2903 1604 uberius

390 1668 762 1730 persequar:
808 1645 1041 1710 Hanno
1090 1645 1469 1730 priusquam
1516 1646 1584 1710 in
1629 1645 1842 1710 lacum
1888 1646 2304 1729 pervehatur,
2351 1645 2635 1730 priorem
2677 1669 2900 1731 perna-

386 1751 567 1839 vigat
614 1753 900 1836 fluvium,
945 1756 1086 1818 tum
1132 1753 1391 1818 demum
1436 1753 1732 1836 pervenit
1777 1753 1848 1817 in
1894 1753 2187 1838 alterum,
2224 1753 2318 1817 ita
2362 1756 2437 1817 ut
2472 1753 2902 1818 necessarium

387 1860 474 1924 sit
529 1860 740 1925 lacum
794 1860 965 1925 inter
1018 1860 1144 1926 duo
1202 1860 1315 1924 illa
1369 1859 1636 1926 flumina
1690 1860 1974 1925 medium
2030 1860 2543 1945 interponamUS,
2605 1882 2751 1925 cum
2808 1863 2904 1927 lac

391 1968 632 2051 Nyuicr
703 1969 786 2031 ab
862 1972 1136 2052 utroque
1202 1969 1518 2052 Seneyalis
1583 1967 1752 2032 ostio
1825 1967 2160 2033 meridiem
2231 1989 2453 2033 versus
2514 1966 2585 2031 in
2657 1968 2903 2032 tabulis

389 2073 789 2138 exhibeatur.
880 2073 1090 2151 Quid?
1154 2075 1338 2152 Quod
1382 2073 1453 2139 in
1496 2073 1880 2139 hodiernum
1926 2076 2024 2140 lac
2069 2076 2311 2158 Nyuier
2354 2073 2589 2138 Hanno
2638 2074 2899 2140 omnino

387 2203 521 2245 non
563 2181 778 2265 potuit
822 2180 1079 2266 intrare,
1126 2181 1343 2266 potuit
1389 2185 1644 2246 tantum
1679 2181 2135 2266 praetervehi?
2181 2181 2351 2246 Dein
2388 2181 2443 2246 si
2481 2204 2627 2246 cum
2663 2182 2898 2247 Entzio

390 2287 722 2353 Gambiam
777 2287 1052 2353 alterum
1108 2289 1345 2373 peripli
1392 2290 1633 2354 flumen
1679 2311 1818 2353 esse
1864 2287 2355 2374 arbitraremur,
2407 2311 2620 2353 nonne
2667 2289 2898 2373 permi-

384 2417 530 2459 rum
584 2396 779 2480 foret,
846 2395 1478 2482 Carthaginiensium
1538 2395 1766 2460 ducem
1830 2395 2164 2460 clarissimi
2231 2395 2407 2460 illius
2462 2396 2897 2480 promunturii

385 2502 489 2567 cui
542 2502 733 2567 hodie
787 2525 1025 2568 nomen
1079 2503 1325 2568 inditur
1371 2504 1504 2587 Cap
1565 2505 1781 2587 Verde,
1840 2526 1923 2568 ne
1979 2526 2107 2568 uno
2164 2503 2424 2588 quidem
2477 2504 2678 2568 verbo
2726 2526 2897 2568 men-

387 2609 634 2674 tionem
687 2609 958 2675 fecisse?
1052 2610 1177 2676 Sed
1234 2610 1389 2696 quid
1443 2611 1675 2696 plura?
1761 2611 1930 2688 Quin
1986 2610 2062 2675 de
2110 2610 2235 2676 Rio
2290 2612 2362 2675 de
2416 2609 2539 2675 Oro
2596 2609 2739 2675 sinu
2796 2610 2896 2675 de-

389 2715 779 2799 sperandum
825 2716 929 2802 sit,
973 2717 1216 2782 nemini
1262 2718 1393 2783 iam
1439 2718 1562 2783 erit
1610 2718 1897 2783 dubium.

561 2822 713 2888 Non
775 2824 989 2889 minus
1054 2824 1227 2889 facili
1290 2825 1555 2911 negotio
1622 2824 2008 2911 transigitur
2082 2824 2160 2890 de
2230 2846 2305 2888 ea
2371 2824 2718 2909 sententia,
2792 2825 2894 2889 cui

382 2929 648 3014 plurimi
704 2953 771 2995 se
828 2930 1211 2996 addixerunt
1267 2932 1390 2997 viri
1438 2932 1611 2997 docti
1628 2929 1696 3020 ¹).
1788 2932 2031 2997 Dicunt
2087 2931 2260 2996 enim
2312 2930 2509 3017 vulgo
2556 2930 2894 2996 Hannonis

382 3038 861 3124 navigationem
924 3039 1072 3104 inde
1136 3062 1174 3103 a
1236 3038 1400 3104 Lixo
1475 3039 1739 3105 flumine
1810 3038 2144 3105 meridiem
2216 3060 2439 3105 versus
2502 3038 2892 3122 pertinuisse

385 3166 587 3228 usque
651 3145 732 3209 ad
793 3146 1318 3229 promunturium
1381 3147 1618 3212 album:
1683 3146 1781 3209 ibi
1846 3146 2104 3211 demum
2159 3168 2338 3210 oram
2392 3167 2617 3210 versus
2675 3151 2892 3212 ortum

383 3251 556 3315 flecti
618 3275 1051 3339 magnumque
1109 3253 1278 3318 effici
1339 3252 1579 3335 sinum,
1650 3274 1822 3317 nunc
1876 3253 2011 3318 baie
2064 3252 2378 3336 d'Aryuin
2431 3255 2757 3335 vocatum,
2821 3253 2890 3317 in

384 3358 565 3423 cuius
627 3364 812 3443 parte
877 3360 1183 3426 interiore
1248 3364 1456 3425 terrae
1517 3359 1811 3425 obiacere
1882 3381 2148 3443 parvam
2211 3357 2514 3444 insulam,
2577 3381 2748 3424 nunc
2810 3361 2892 3426 ile

383 3464 693 3549 d3Ar9uin
746 3468 1142 3553 appellatam
1153 3466 1234 3556 2);
1288 3470 1455 3533 hanc
1501 3491 1638 3534 esse
1680 3466 2030 3532 Hannonis
2058 3465 2321 3532 Cernen.
2403 3466 2693 3532 Priorem
2738 3491 2889 3533 vero

562 3752 614 3821 1)
651 3751 722 3808 cf.
778 3751 1018 3807 Mueller
1071 3770 1126 3822 p.
1171 3758 1230 3818 63
1288 3753 1420 3806 ante
1476 3769 1603 3806 eum
1655 3751 1811 3808 idem
1866 3750 2138 3805 iudicium
2191 3750 2443 3805 tulerant
2498 3749 2790 3820 Ramusio‚
2845 3752 2890 3805 iz

375 3841 595 3911 viayyio
631 3841 695 3896 di
723 3841 790 3896 G.
819 3841 999 3896 Leone
1034 3857 1062 3895 e
1097 3841 1145 3895 le
1180 3841 1536 3911 naviyazioni
1570 3841 1632 3896 di
1660 3842 1784 3895 Alv.
1823 3841 1898 3896 da
1928 3838 2009 3895 G'a
2044 3842 2112 3895 de
2139 3840 2340 3908 Maste,
2377 3840 2440 3894 di
2465 3840 2530 3894 P.
2570 3841 2634 3896 di
2664 3839 2883 3908 Cintra,

378 3930 441 3983 di
467 3929 702 3984 Annene
721 3947 767 3985 6.
789 3948 839 3999 q.
866 3946 908 3984 s.
928 3947 983 3998 p.
1006 3936 1128 3998 207,
1159 3928 1493 3985 d'Anvillius
1521 3931 1699 4000 qe'oyr.
1730 3946 1851 3986 ane.
1882 3931 1997 3985 abr.
2028 3927 2107 3981 HI
2133 3946 2188 3998 p.
2209 3933 2327 3997 118,
2356 3928 2601 3983 Ukertus
2632 3930 2676 3999 (I
2707 3948 2759 3999 p.
2779 3932 2886 3999 65),

380 4016 706 4072 Bennellius
743 4024 819 4088 (p.
852 4021 992 4089 719),
1028 4019 1339 4074 Moversius
1379 4018 1452 4090 (H
1489 4025 1521 4074 2
1558 4037 1616 4090 p.
1654 4021 1807 4088 529);
1844 4021 2046 4088 postea
2080 4016 2233 4072 idem
2269 4017 2627 4089 protulerunt
2663 4017 2886 4072 Robiou

379 4104 440 4173 (l.
478 4106 516 4162 l.
551 4125 606 4177 p.
636 4108 762 4177 201)
800 4112 859 4164 et
891 4108 1121 4163 Trevius
1157 4111 1233 4181 (p.
1266 4111 1374 4180 26).

559 4214 614 4281 2)
652 4213 898 4269 Insulam
938 4215 1131 4269 multis
1170 4214 1496 4273 describunt
1534 4215 1770 4272 Belcher
1806 4216 2000 4284 journ.
2037 4218 2105 4284 of
2130 4216 2217 4272 the
2251 4233 2297 4273 r.
2335 4233 2387 4285 9.
2423 4233 2528 4273 soc.
2564 4215 2620 4269 11
2657 4222 2758 4270 301
2785 4232 2884 4284 sq„

390 4299 619 4355 Aubeus
673 4319 780 4357 rev.
835 4306 1017 4361 marit.
1075 4309 1125 4359 et
1185 4307 1354 4363 colon.
1410 4305 1649 4361 XXXIII
1702 4323 1757 4375 p.
1787 4311 1919 4376 470,
1968 4303 2257 4360 Bonellius
2312 4305 2369 4378 (I.
2426 4306 2463 4363 1.
2519 4324 2574 4375 Ρ.
2624 4311 2727 4359 346
2756 4305 2885 4375 sq.);

379 4390 498 4445 eius
530 4390 680 4444 situs
718 4394 776 4445 et
806 4391 1108 4461 adspectus
1148 4391 1514 4449 adumbratur
1541 4393 1752 4450 tabulis
1790 4393 2188 4464 compluribus,
2226 4409 2365 4463 quas
2393 4393 2636 4447 insertas
2664 4393 2884 4449 invenis

379 4479 545 4534 alteri
600 4478 721 4533 eius
787 4480 971 4549 operis
1035 4480 1309 4537 volumini
1372 4483 1522 4549 quod
1574 4482 1902 4538 inscribitur
1953 4485 2176 4538 histoire
2224 4483 2471 4553 yene'rale
2517 4483 2609 4538 des
2651 4500 2886 4555 voyayes

381 4587 435 4638 Ρ.
464 4574 588 4624 424.
625 4576 747 4625 428.
811 4568 896 4624 De
925 4570 1050 4624 tota
1084 4569 1205 4625 eius
1234 4569 1444 4626 vicinia
1478 4571 1747 4642 inspicias
1775 4572 1945 4629 velim
1971 4572 2336 4629 novissimam
2364 4588 2630 4641 mappam
2670 4573 2885 4628 editam

383 4656 620 4713 consilio
659 4661 718 4713 et
754 4658 1095 4716 auctoritate
1132 4675 1348 4729 eorum,
1401 4659 1499 4731 qui
1533 4660 2030 4731 Francogallorum
2066 4662 2234 4717 rebus
2279 4660 2576 4716 navalibus
2614 4666 2886 4733 praesunt
