3467 5334
718 419 845 487 Qua
877 418 1095 475 ratione
1133 417 1428 474 Hannonis
1462 417 1692 475 libellus
1728 435 1766 473 a
1803 418 2169 489 scriptoribus
2205 421 2507 490 usurpatus
2546 418 2638 477 sit.
2820 418 2945 484 131

437 585 738 652 visuntur
799 606 932 649 non
998 583 1226 667 procul
1290 584 1374 647 ab
1430 580 1754 667 Hesperio
1814 583 2286 668 promunturio.
2375 583 2673 669 Denique
2728 584 2954 649 eodem

440 696 710 779 spectat,
748 691 919 777 quod
955 690 1310 775 Dionysius
1347 689 1861 775 Scytobrachion
1897 688 2005 777 (cf.
2043 690 2229 756 Diod.
2267 688 2378 777 HI,
2412 688 2529 778 68)
2564 690 2953 775 Dionysium

438 803 657 886 ipsum
728 821 934 884 prope
1006 796 1285 883 Hesperi
1361 796 1573 862 Cornu
1645 800 1873 861 natum
1944 796 2130 884 fecit,
2205 800 2422 862 ortum
2493 795 2813 863 Ammone
2886 802 2954 863 et

439 907 810 973 Amalthea:
863 904 1250 971 Ammonem
1297 903 1469 969 enim
1525 902 1896 990 ἐρασθέντα
1952 903 2153 987 αὐτῆς
2211 902 2327 994 (sc.
2366 903 2796 994 Ἀμαλθείας)
2839 904 2954 971 καὶ

441 1014 898 1098 πλησιάσαντα
972 1020 1325 1096 γεννῆσαι
1361 1012 1568 1076 παῖδα
1631 1020 1721 1099 τῷ
1789 1035 1860 1077 τε
1919 1013 2145 1078 κάλλει
2209 1010 2319 1077 καὶ
2382 1021 2462 1098 τῇ
2528 1012 2716 1098 ῥώμῃ
2780 1020 2953 1078 θαυ-

440 1123 722 1207 μαστὸν,
785 1118 896 1186 καὶ
950 1121 1074 1203 τὴν
1127 1115 1249 1204 μὲν
1304 1116 1710 1203 Ἀμάλθειαν
1765 1117 2106 1198 ἀποδεῖξαι
2160 1122 2402 1206 κυρίαν
2448 1129 2569 1186 τοῦ
2625 1123 2955 1203 συνεγγὺς

446 1231 658 1294 τόπου
701 1229 978 1310 παντός,
1025 1227 1218 1302 ὄντος
1271 1233 1363 1314 τῷ
1419 1227 1702 1310 σχήματι
1757 1229 2224 1312 παραπλησίου
2287 1223 2511 1313 κέρατι
2573 1229 2762 1310 βοός,
2829 1222 2946 1313 ἀφ’

440 1331 519 1420 ἧς
564 1337 779 1411 αἰτίας
813 1331 1139 1417 Ἑσπέρου
1183 1331 1403 1417 Κέρας
1449 1334 2110 1418 προσαγορευθῆναιέ

614 1440 943 1527 Imprimis
1005 1443 1224 1505 autem
1287 1439 1518 1504 ultima
1582 1439 1897 1504 itinerarii
1962 1439 2305 1504 Hannonei
2372 1442 2783 1527 paragrapho
2851 1442 2952 1506 usi

435 1551 538 1616 vel
584 1550 806 1634 potius
852 1546 1042 1612 abusi
1088 1550 1240 1611 sunt
1285 1547 1752 1633 mythographi
1791 1545 2014 1612 Graeci
2053 1550 2119 1611 et
2164 1546 2328 1612 mira
2363 1547 2512 1612 inde
2551 1552 2617 1613 et
2661 1548 2954 1614 inaudita

437 1658 813 1722 elicuerunt.
903 1653 1111 1719 Erant
1164 1652 1504 1718 Hannonis
1556 1654 1759 1719 verba
1810 1653 1994 1718 haec:
2061 1651 2174 1718 Ἐν
2227 1662 2317 1742 τῷ
2373 1664 2559 1742 μυχῷ
2615 1665 2821 1739 νῆσος
2870 1652 2952 1739 ἦν

435 1768 680 1849 λίμνην
739 1764 982 1848 ἔχουσα
1034 1759 1145 1827 καὶ
1199 1760 1273 1827 ἐν
1332 1761 1540 1845 ταύτῃ
1602 1769 1809 1844 νῆσος
1869 1756 1955 1844 ἦν
2021 1758 2232 1847 ἑτέρα,
2296 1763 2499 1845 μεστὴ
2565 1761 2951 1847 ἀνθρώπων

436 1871 704 1956 ἀγρίων.
781 1872 974 1935 Πολὺ
1013 1864 1087 1934 δὲ
1127 1871 1398 1944 πλείους
1433 1863 1604 1950 ἦσαν
1640 1878 1974 1952 γυναῖκες,
2023 1868 2280 1933 δασεῖαι
2316 1878 2458 1945 τοῖς
2497 1868 2824 1953 σώμασιν·
2875 1868 2954 1947 ἃς

434 1979 508 2045 οἰ
534 1972 846 2063 ἑρμηνέες
871 1973 1157 2040 ἐκάλουν
1187 1973 1560 2060 Γοργάὸας.
1654 1974 2032 2050 Διώκοντες
2061 1970 2134 2040 δὲ
2163 1976 2416 2060 ἄνδρας
2441 1971 2565 2059 μὲν
2595 1979 2954 2060 συλλαβεῖν

438 2086 560 2151 οὐκ
605 2085 1076 2169 ἠδυνήθημεν,
1123 2080 1290 2147 ἀλλὰ
1335 2082 1576 2157 πάντες
1620 2076 1804 2169 (μὲν)
1851 2079 2206 2166 ἐξέφυγον,
2261 2082 2714 2167 κρημνοβάται
2761 2085 2948 2161 ὄντες

433 2190 546 2258 καὶ
588 2201 729 2266 τοῖς
774 2187 1040 2276 πέτροις
1084 2189 1519 2274 ἀμυνόμενοι,
1573 2198 1895 2271 γυναῖκας
1942 2183 2016 2253 δὲ
2078 2199 2284 2275 τρεῖς,
2339 2191 2416 2253 αἳ
2465 2188 2838 2255 ὃάκνουσαί
2875 2213 2948 2256 τε

435 2298 543 2365 καὶ
597 2296 1090 2382 σπαράττουσαι
1146 2298 1304 2373 τοὺς
1366 2297 1651 2379 ἄγοντας
1716 2294 1842 2360 οὐκ
1905 2295 2160 2377 ἤθελον
2227 2294 2537 2361 ἕπεσθαι.
2621 2291 2946 2363 Ἀποκτεί-

436 2428 667 2482 ναντες
703 2400 929 2489 μέντοι
966 2402 1169 2479 αὐτὰς
1205 2401 1620 2488 ἐξεδείραμεν
1655 2398 1772 2466 καὶ
1805 2403 1921 2478 τὰς
1963 2403 2167 2486 δορὰς
2205 2401 2605 2487 έκομίσαμεν
2641 2405 2739 2480 εἰς
2765 2408 2943 2490 Καρ-

433 2514 701 2598 χηδόνα.
791 2509 895 2575 Ex
941 2510 1045 2574 his
1091 2509 1417 2575 radicibus
1465 2510 1625 2574 duae
1672 2508 2087 2593 potissimum
2129 2512 2320 2574 natae
2366 2513 2520 2574 sunt
2557 2509 2946 2576 Graecorum

437 2618 770 2702 opiniones
782 2615 851 2704 1).
906 2616 1336 2701 Exstiterunt,
1374 2617 1485 2703 qui
1513 2615 1856 2680 mulierum
1891 2616 2165 2700 imperio
2203 2616 2343 2702 regi
2380 2616 2572 2680 huius
2608 2621 2816 2683 terrae
2852 2619 2947 2683 in-

438 2725 609 2790 colas
666 2727 972 2809 putarent
1018 2727 1085 2787 et
1142 2726 1344 2798 ἔθνος
1395 2723 2132 2806 γυναικοκρατούμενον
2188 2722 2316 2788 sibi
2369 2724 2718 2809 fingerent,
2776 2725 2945 2790 unde

435 2832 504 2896 in
548 2835 858 2916 promptu
914 2834 1053 2895 erat
1093 2829 1381 2895 conicere
1424 2825 1788 2894 Amazonas
1836 2829 2161 2913 quondam
2214 2829 2397 2895 sedes
2435 2834 2501 2895 et
2546 2830 2945 2897 domicilium

433 2939 542 3004 hic
596 2938 969 3023 collocasse3
1023 2960 1104 3002 611
1147 2938 1351 3002 habes
1397 2959 1530 3003 eas:
1581 2936 1671 3001 Οἱ
1718 2935 1957 3002 πολλοὶ
1999 2936 2406 3022 ὑπειλήφασι
2452 2935 2576 3027 (ait
2620 2937 2944 3005 Diodorus

431 3045 543 3132 ΙΠ,
580 3044 698 3134 52)
734 3047 850 3123 τὰς
885 3042 1034 3131 περὶ
1072 3047 1189 3110 τὸν
1229 3044 1672 3131 Θερμώδοντα
1717 3045 2019 3129 ποταμὸν
2054 3043 2129 3110 ἐν
2164 3054 2254 3133 τῷ
2294 3047 2538 3134 Πόντῳ
2587 3045 2945 3131 λεγομένας

431 3150 879 3242 κατῳκηκέναι
915 3154 1125 3236 μόνας
1169 3151 1478 3238 ὑπάρξαι·
1542 3151 1616 3216 τὸ
1666 3147 1726 3215 δ’
1783 3147 2031 3235 ἀληθὲς
2077 3152 2199 3237 οὐχ
2246 3152 2458 3229 οὕτως
2505 3155 2671 3238 ἔχει,
2718 3155 2832 3220 διὰ
2865 3155 2942 3220 τὸ

431 3264 603 3327 πολὺ
649 3268 996 3346 προτερεῖν
1039 3270 1180 3336 τοῖς
1223 3260 1493 3346 χρόνοις
1536 3258 1653 3335 τὰς
1697 3259 1862 3322 κατὰ
1907 3259 2174 3343 Λιβύην
2217 3257 2329 3324 καὶ
2374 3258 2640 3344 πράξεις
2685 3258 2941 3338 ἀξιολό-

430 3391 594 3449 γους
658 3364 1181 3432 ἐπιτελέσασθαι.
1282 3365 1533 3433 Similia
1592 3364 1880 3430 narravit
1941 3364 2358 3431 Zenothemis
2409 3365 2520 3454 (cf.
2574 3367 2772 3433 schol.
2817 3366 2946 3453 Ap.

428 3475 552 3540 Rh.
595 3472 678 3560 ΙΙ,
724 3470 886 3560 965)
930 3495 1052 3540 1166
1094 3496 1228 3539 11611
1273 3495 1437 3558 quae
1472 3472 1729 3558 Myrina
1776 3472 1936 3538 duce
1980 3472 2078 3537 ibi
2128 3472 2212 3538 ab
2261 3472 2355 3539 eis
2401 3474 2799 3560 gerebantur
2842 3497 2946 3540 res

432 3580 1053 3647 concelebrabantur
1115 3580 1396 3646 carmine
1460 3580 1569 3669 (ci.
1615 3577 1818 3645 Anth.
1861 3580 1974 3645 lat.
2020 3580 2097 3645 R.
2145 3578 2322 3668 860).
2415 3579 2579 3646 Cum
2640 3603 2792 3647 vero
2857 3584 2941 3648 ab

433 3687 712 3752 Hercule
756 3687 965 3753 victae
1011 3692 1077 3752 et
1123 3688 1369 3752 deletae
1414 3687 1587 3752 fama
1631 3688 1970 3774 ferrentur,
2015 3687 2375 3753 necessario
2417 3688 2527 3753 hic
2572 3709 2830 3774 quoque
2873 3689 2945 3754 in

434 3793 776 3862 itineribus
823 3795 956 3861 suis
1004 3794 1367 3880 penetravit
1412 3794 1493 3858 ad
1536 3792 1930 3879 Hesperium
1974 3794 2514 3879 promunturium.

609 3899 830 3987 Atque·
873 3902 1097 3969 eodem
1141 3901 1332 3967 modo
1370 3900 1710 3967 Hannonis
1754 3900 2040 3967 narratio
2087 3902 2168 3966 ad
2206 3901 2594 3969 Graecorum
2637 3903 2940 3971 notiones

434 4005 740 4091 adaptata
793 4030 982 4074 causa
1036 4014 1201 4096 erat,
1257 4030 1370 4074 cur
1422 4007 1596 4073 haud
1648 4008 1840 4093 pauci
1888 4007 2264 4096 Gorgonum
2318 4010 2502 4076 sedes
2546 4010 2617 4076 in
2676 4010 2941 4076 occidua

431 4114 554 4179 hac
613 4113 862 4199 Libyae
920 4136 1032 4179 ora
1103 4118 1499 4201 quaererent.
1608 4100 2009 4202 Quamquam
2073 4117 2247 4183 enim
2308 4117 2412 4183 vel
2473 4117 2942 4204 antiquissimis

430 4222 838 4307 temporibus
876 4220 1208 4309 Gorgones
1252 4224 1321 4289 in
1366 4223 1875 4290 occidentalibus
1920 4224 2111 4290 terris
2154 4225 2287 4290 sive
2325 4224 2406 4290 ad
2453 4246 2762 4290 oceanum
2806 4224 2941 4290 sive

431 4328 500 4393 in
551 4329 765 4397 insula
819 4328 957 4395 eius
1010 4328 1384 4396 habitantes
1437 4333 1724 4399 fecerant
1779 4337 2010 4419 poetae
2066 4337 2132 4398 et
2193 4332 2559 4420 mythologi
2623 4331 2732 4420 (cf.
2787 4331 2940 4397 Hes.

431 4435 671 4524 Theog.
736 4440 868 4503 274
896 4459 1035 4523 sqq.
1114 4435 1462 4521 Pherecyd.
1535 4439 1603 4503 in
1676 4439 1875 4504 schol.
1933 4438 2064 4524 Ap.
2116 4441 2239 4506 Rh.
2293 4439 2404 4524 IV,
2462 4441 2652 4507 1515.
2734 4440 2941 4525 Kypr.

612 4670 664 4736 1)
702 4666 773 4720 cf.
814 4666 1050 4722 Mueller
1077 4668 1286 4739 proleq.
1321 4684 1378 4737 p.
1415 4665 1585 4724 XXX.

2432 4760 2507 4812 9*
