3467 5334
531 411 570 472 8
1472 458 1500 481 ,
1648 406 1832 478 Caput
1867 408 1908 463 Ι.

426 577 447 596 ⁶
529 573 645 635 bat
692 595 729 635 a
773 570 1020 655 Libyae
1074 571 1283 636 litore.
1375 570 1582 636 Simul
1627 593 1779 635 vero
1836 571 1903 635 id
1930 571 2104 636 inde
2160 572 2591 658 assequimur,
2637 571 3040 658 Hannonem,

527 701 674 744 cum
722 678 1053 743 occiduam
1089 678 1335 763 Libyae
1383 701 1560 743 oram
1607 678 2221 765 praeternavigaret,
2265 702 2397 744 non
2443 678 2734 762 potuisse
2782 679 3039 744 aliunde

527 808 869 867 mensuras
907 789 1309 871 computare,
1363 785 1490 850 nisi
1538 785 1621 850 ab
1668 784 2049 870 Ampelusia
2095 786 2547 870 promunturio
2557 836 2575 871 ,
2631 786 2804 871 quod
2847 786 3041 850 huius

526 916 676 958 orae
724 896 921 977 caput
968 897 1163 977 atque
1211 892 1545 957 exordium
1593 914 1730 957 esse
1777 892 1950 957 Mela
1996 893 2151 958 dicit
2198 892 2260 981 (I
2305 891 2440 980 25).
2533 893 2707 970 Quae
2755 916 2902 957 cum
2948 893 3041 958 ita

522 1001 672 1085 sint,
719 1003 785 1064 et
831 1000 992 1064 aliae
1041 999 1406 1085 opiniones,
1464 1021 1627 1084 quae
1672 999 1781 1063 hic
1827 998 1963 1064 illic
2011 1000 2087 1064 de
2134 1001 2257 1064 hac
2301 1022 2370 1064 re
2418 1000 2709 1083 prolatae
2756 1003 2908 1064 sunt
2957 1037 3039 1048 ·-—

530 1131 689 1193 quas
753 1108 962 1173 sciens
1024 1111 1358 1192 praetereo
1407 1145 1489 1154 —
1539 1106 1954 1171 collabuntur
2019 1111 2085 1171 et
2149 1104 2562 1193 Gosselini1>‚
2638 1129 2831 1190 quam
2895 1107 3038 1172 ideo

528 1215 751 1299 paucis
798 1216 1135 1301 stringam,
1182 1214 1333 1299 quia
1378 1214 1458 1278 ad
1503 1213 1676 1278 hunc
1722 1235 1925 1297 usque
1973 1213 2143 1278 diem
2189 1212 2410 1299 magni
2459 1235 2538 1276 ex
2586 1235 2661 1276 ea
2704 1213 2841 1277 nati
2889 1219 3041 1278 sunt

530 1319 862 1407 errores2).
951 1321 1396 1408 Neglegenter
1450 1320 1622 1384 enim
1667 1319 1777 1384 ille
1824 1319 1895 1407 (l.
1941 1320 1982 1384 l.
2031 1344 2093 1404 p.
2134 1322 2234 1385 71.
2277 1317 2417 1406 72):
2479 1319 2648 1383 ‘tout
2702 1319 2765 1383 le
2812 1322 3043 1385 monde

529 1428 705 1513 sait',
761 1427 1001 1514 inquit,
1068 1428 1215 1513 ‘que
1274 1427 1369 1491 les
1416 1427 1672 1492 anciens
1720 1426 2070 1491 donnaient
2123 1427 2185 1490 le
2230 1449 2385 1491 nom
2441 1427 2518 1490 de
2565 1425 2868 1492 colonnes
2915 1451 3041 1492 aux

530 1539 914 1621 montagnes
962 1535 1217 1619 placees
1272 1558 1383 1600 sur
1425 1535 1522 1600 les
1569 1536 1736 1598 deux
1785 1534 2163 1619 presqu'iles
2212 1534 2322 1618 qui
2369 1556 2437 1599 se
2485 1534 2829 1599 detachent
2874 1535 3042 1600 l’une

528 1643 613 1707 du
661 1642 993 1708 continent
1040 1643 1117 1706 de
1162 1643 1497 1728 l'Europe,
1555 1642 1784 1706 l'autre
1842 1642 1919 1705 de
1976 1641 2143 1705 celui
2199 1642 2277 1706 de
2330 1640 2676 1727 l’Afrique3
2736 1643 3047 1706 autrefois

527 1772 611 1813 on
657 1750 754 1814 les
796 1749 1112 1813 nommait
1151 1748 1365 1832 Calpe„
1400 1752 1466 1813 et
1501 1747 1740 1834 Abyla,
1784 1748 2186 1833 aujourd'hui
2234 1771 2303 1812 ce
2343 1754 2491 1813 sont
2527 1748 2623 1813 les
2660 1754 3046 1836 montagnes

528 1857 605 1921 de
645 1856 975 1922 Gibraltar
1022 1859 1088 1919 et
1137 1856 1213 1919 de
1254 1854 1495 1921 Ceuta.'
1577 1855 1806 1941 Itaque
1853 1857 1935 1920 ab
1984 1855 2087 1920 his
2132 1855 2467 1920 montibus
2504 1855 2845 1921 Hannonis
2890 1880 3043 1941 quo·

529 1986 652 2048 que
698 1985 1000 2028 numeros
1048 1963 1444 2027 emetiendos
1499 1985 1636 2028 esse
1683 1963 2040 2028 arbitratus
2086 1967 2183 2027 est
2196 1960 2276 2049 3);
2333 1980 2484 2027 cum·
2524 1986 2674 2028 vero
2730 1965 2855 2028 hoc
2906 1964 3043 2028 sine

529 2094 719 2136 causa
766 2076 1100 2154 sumptum
1147 2070 1251 2152 sit,
1297 2073 1438 2133 tota
1485 2070 1623 2134 eius
1669 2070 2021 2155 explicatio
2068 2069 2328 2135 corruit.

707 2177 832 2244 Sed
891 2177 1020 2242 iam
1076 2176 1503 2263 adiungamus
1557 2199 1677 2241 nos
1733 2177 2003 2242 comites
2058 2177 2397 2242 Hannonis
2453 2177 2697 2242 itineri!
2752 2176 2866 2256 Ὡς
2922 2179 3044 2258 ἔξω

529 2291 746 2351 πλοῦν
792 2287 989 2350 δυοῖν
1034 2284 1301 2370 ἡμερῶν
1348 2283 1779 2369 ἐπλεύσαμεν,
1826 2284 1919 2348 ait
1966 2283 2095 2369 ille,
2142 2283 2488 2369 ἐκτίσαμεν
2528 2285 2802 2370 πρώτην
2846 2289 3045 2350 πόλιν

529 2395 764 2476 ἥντινα
829 2391 1271 2476 ὠνομάσαμεν
1335 2388 1886 2477 Θυμιατήριον4)·
1949 2391 2187 2456 πεδίον
2252 2387 2310 2455 δ’
2385 2391 2551 2476 αὐτῇ
2615 2390 2781 2476 μέγα
2845 2393 3042 2476 ὑπῆν.

530 2499 993 2585 Inquirendum
1040 2503 1165 2582 est,
1220 2497 1487 2562 ubinam
1542 2498 1700 2562 haec
1748 2498 1906 2562 urbs
1961 2498 2086 2562 sita
2130 2497 2353 2584 fuerit,
2402 2502 2467 2563 et
2513 2521 2657 2563 cum
2704 2499 3043 2565 Hannonis

530 2606 738 2691 ipsius
775 2627 1075 2671 mensura
1113 2604 1234 2669 etsi
1274 2604 1558 2689 spatium
1595 2627 1727 2670 non
1763 2604 1959 2670 nimis
2006 2605 2296 2688 amplum
2343 2605 2787 2672 circumcludit
2825 2612 3042 2672 tamen

530 2738 661 2779 non
709 2714 1013 2798 sufficiat,
1074 2717 1147 2776 ut
1202 2734 1403 2776 unum
1459 2717 1833 2797 certumque
1878 2712 2093 2778 locum
2141 2735 2422 2797 quonam
2482 2714 2797 2799 oppidum
2843 2719 3044 2780 trans·

531 2821 865 2886 ferendum
912 2820 997 2885 sit
1044 2819 1467 2904 enucleemus,
1518 2819 1761 2884 auxilio
1808 2821 2224 2885 arcessendus
2269 2820 2529 2905 Scylax,
2577 2844 2656 2885 ex
2705 2844 2832 2906 quo
2882 2844 3044 2905 quae

532 2928 706 3013 apud
769 2926 1154 2992 Hannonem
1220 2949 1445 2991 manca
1509 2931 1662 2992 sunt
1724 2931 1878 3011 apte
1944 2928 2346 3011 supplentur.
2447 2927 2544 2992 Ac
2608 2929 2685 2994 de
2748 2928 3048 2996 universa

717 3179 767 3243 1)
831 3176 1132 3231 recherches
1202 3192 1301 3230 swr
1374 3175 1432 3229 la
1492 3176 1668 3245 ye'oyr.
1732 3175 2114 3247 systematique
2176 3180 2227 3230 et
2280 3176 2515 3246 positive
2578 3178 2670 3232 des
2732 3179 2958 3232 ancievzs
3019 3176 3046 3230 Ι

535 3286 589 3336 p.
622 3271 688 3320 63
710 3282 830 3334 sqq.

714 3376 767 3437 2)
807 3369 1090 3425 Gosselini
1136 3370 1377 3440 vestigia
1422 3369 1677 3440 apprime
1725 3369 1905 3423 secuti
1954 3373 2084 3424 sunt
2131 3370 2260 3425 Gail
2305 3388 2482 3442 yeoyr.
2529 3388 2612 3442 9r.
2661 3387 2728 3425 m.
2777 3371 2827 3437 1,
2874 3369 3047 3425 Hum-

540 3461 718 3528 boldt,
765 3461 894 3515 krit.
943 3461 1430 3528 Untersuchunyen
1467 3459 1492 3511 I
1530 3464 1649 3513 559.
1705 3458 1758 3512 11
1797 3463 1892 3527 95,
1949 3459 2340 3528 Walckenaer,
2377 3460 2677 3515 recherches
2715 3475 2758 3514 8.
2799 3461 2833 3514 l.
2871 3463 3047 3531 ye'oyr.

535 3552 602 3606 de
649 3550 929 3620 l’Afrique
964 3568 1020 3619 p.
1059 3555 1189 3617 362,
1247 3547 1508 3615 Lelewel,
1554 3547 1990 3619 Entdeckzmyen
2035 3551 2131 3605 der
2168 3549 2486 3621 Karthayer
2529 3567 2584 3606 u.
2635 3549 2904 3606 G'rieche‘n
2946 3551 3059 3616 auf

536 3641 656 3695 dem
692 3640 1058 3695 atlantischen
1101 3639 1282 3694 Ocean
1318 3656 1371 3707 p.
1412 3642 1479 3692 81
1503 3654 1642 3708 sqq„
1697 3637 1939 3693 Tauxier
1975 3638 2013 3693 l.
2051 3638 2089 3694 1.
2127 3657 2182 3708 p.
2221 3645 2324 3693 333
2346 3655 2467 3708 sqq.

723 3748 780 3815 3)
817 3747 1113 3815 Numerat,
1179 3747 1244 3799 ut
1297 3762 1469 3798 unum
1524 3746 1838 3814 exemplum
1896 3762 2131 3815 ponam,
2193 3762 2261 3800 ex
2314 3746 2496 3815 Abyle
2553 3749 2611 3801 et
2666 3745 2840 3815 Calpe
2895 3761 3051 3799 mon-

536 3834 692 3889 tibus
749 3834 995 3903 Plinius,
1058 3852 1186 3888 cum
1221 3833 1273 3887 V
1314 3842 1359 3903 1,
1399 3840 1430 3888 9
1469 3832 1663 3887 Lixum
1713 3851 1750 3888 a
1785 3834 2067 3890 Gaditano
2114 3836 2259 3890 freto
2317 3835 2515 3889 abesse
2553 3833 2703 3889 CXII
2738 3833 3052 3905 Agrippam

539 3926 764 3979 secutus
803 3924 973 3981 dicat.

720 4036 774 4098 4)
829 4032 991 4098 Quod
1047 4030 1255 4086 attinet
1319 4031 1664 4100 singulorum
1729 4031 2092 4101 oppidorum,
2157 4030 2474 4099 fluminum,
2538 4030 3053 4099 promunturiorum

543 4119 792 4188 nomina,
831 4123 961 4189 post
990 4120 1330 4175 Bochartum
1367 4137 1541 4190 yeoyr.
1572 4138 1712 4176 sacr.
1748 4127 1847 4175 173
1868 4137 1991 4188 sqq.
2029 4120 2306 4189 imprimis
2341 4119 2671 4188 Moversius,
2709 4121 2819 4175 Die
2845 4121 3056 4175 Pho'ni·

541 4211 657 4265 kier
694 4210 747 4264 11
785 4228 839 4278 p.
879 4213 1000 4265 244.
1040 4214 1161 4265 274.
1202 4216 1321 4263 291.
1362 4217 1482 4265 295.
1522 4216 1643 4264 335.
1683 4216 1805 4263 344.
1847 4217 1965 4264 516.
2008 4215 2111 4263 534
2150 4226 2336 4264 eorum
2380 4211 2568 4278 etyma
2608 4208 2904 4264 enucleare
2941 4212 3054 4264 stu-

545 4298 685 4353 duit.
762 4297 938 4351 Totus
977 4297 1149 4352 etiam
1196 4298 1410 4367 pendet
1446 4314 1514 4353 ex
1552 4316 1663 4353 una
1710 4315 1972 4352 sonorum
2013 4296 2410 4367 similitudine,
2459 4314 2602 4367 quae
2647 4299 3055 4355 recentioribus

545 4386 867 4441 nominibus
896 4403 1022 4441 cum
1049 4386 1248 4455 priscis
1277 4387 1579 4443 intercedit
1601 4387 1870 4442 Judasius
1899 4387 1957 4455 (l.
1980 4387 2017 4442 1.
2039 4406 2092 4456 p.
2117 4394 2282 4442 206-
2295 4394 2416 4444 222.
2446 4390 2730 4458 250-71).
2778 4388 3056 4456 Equidem

545 4478 686 4530 haec
734 4475 923 4530 omnia
969 4475 1206 4530 infirmis
1254 4476 1491 4546 pedibus
1539 4478 1687 4531 stare
1735 4492 1771 4529 a
1817 4474 2067 4543 Socini0‚
2130 4494 2243 4545 qua
2289 4479 2377 4533 est
2422 4476 2802 4544 humanitate,
2851 4478 3056 4532 certior

544 4565 729 4619 factus
767 4565 1024 4621 consulto
1062 4566 1122 4619 in
1160 4564 1430 4635 proximis
1466 4562 1693 4633 neglexi
1721 4580 1869 4631 quae
1899 4580 1967 4619 ex
1994 4566 2282 4621 nominum
2314 4565 2626 4636 originibus
2654 4565 2842 4634 repeti
2871 4566 3055 4620 solent

546 4656 892 4724 argumenta.
