3467 5334
593 406 682 471 52
1724 407 1909 476 Caput
1942 407 1983 463 Ι.

600 568 876 633 dilucide
942 569 1290 635 ostendunt
1353 567 1788 633 Buettikoferi
1852 568 2141 655 tabulae,
2206 567 2446 653 quibus
2509 569 2933 634 adumbratur
2996 590 3109 632 ora

595 677 936 742 Laberiana
949 674 1000 764 1)
1009 727 1027 760 ,
1086 680 1372 740 attamen
1436 675 1818 741 brevissimo
1880 698 2071 760 saepe
2131 675 2445 759 temporis
2499 675 2712 759 spatio
2769 675 3106 740 interiecto

596 782 1050 848 deformantur.
1149 783 1375 849 Potuit
1449 783 1599 848 dein
1664 784 2003 849 Hannonis
2072 783 2282 848 insula
2355 786 2466 847 aut
2528 782 2845 848 Vulcania
2905 781 3106 847 fuisse

600 890 821 973 quales
861 914 1082 955 omnes
1120 891 1253 955 fere
1291 889 1566 956 maiores
1604 913 1769 974 quae
1807 889 2188 955 occidentali
2223 889 2471 975 Libyae
2515 888 2695 954 litori
2742 889 3042 954 obiacent
3053 886 3107 974 2)

596 1035 680 1044 ——-
736 997 895 1061 haec
959 1000 1058 1061 est
1121 996 1534 1062 Humboldtii
1600 997 1949 1083 sententia,
2018 998 2129 1083 qui
2196 995 2493 1084 (Kosmas
2535 996 2632 1061 IV
2677 1019 2738 1080 p.
2779 998 2927 1063 287.
2956 997 3107 1078 522,

590 1105 730 1170 krit.
792 1102 1329 1189 Untersuchunyen
1373 1103 1437 1168 H
1475 1102 1591 1192 95)
1649 1105 1888 1170 similia
1942 1127 2022 1168 ex
2078 1104 2224 1169 aliis
2269 1103 2491 1169 mundi
2539 1101 2917 1189 regionibus
2963 1124 3107 1165 con-

593 1210 798 1297 gessit
844 1249 948 1296 —,
995 1216 1107 1275 aut
1143 1212 1313 1296 lapis
1360 1234 1395 1275 6
1442 1211 1722 1277 coralliis
1769 1212 2085 1276 conflatus
2097 1210 2167 1299 3).
2256 1211 2427 1278 Nam
2472 1210 2667 1275 huius
2712 1209 2968 1296 generis
3015 1208 3106 1272 in-

592 1318 766 1383 sulas
811 1318 881 1381 in
918 1322 1091 1383 certo
1132 1319 1411 1403 quodam
1447 1342 1787 1403 processus
1824 1319 2029 1406 gradu
2067 1319 2264 1384 talem
2302 1341 2456 1403 prae
2496 1340 2563 1383 se
2602 1318 2770 1382 ferre
2808 1317 3106 1400 speciem,

595 1426 803 1510 qualis
840 1425 1178 1489 Hannonis
1227 1426 1657 1510 descriptione
1696 1426 2083 1512 postulatur,
2124 1426 2460 1491 Peschelio
2496 1424 2690 1489 nixus
2727 1421 2835 1510 (cf.
2871 1424 2907 1488 I
2942 1421 3105 1510 495)

592 1532 863 1616 affirmO,
910 1536 975 1595 et
1011 1537 1268 1616 praesto
1307 1537 1476 1619 sunt,
1523 1534 1647 1598 etsi
1692 1534 1762 1597 in
1797 1533 2157 1599 notissimis
2200 1533 2390 1598 libris
2428 1532 2691 1597 corallia
2736 1530 2804 1595 in
2842 1530 3106 1595 occidua

592 1637 838 1722 Libyae
895 1661 1007 1703 ora
1053 1639 1400 1705 desiderari
1445 1640 1687 1726 legitur
1733 1637 1841 1726 (cf.
1888 1628 2085 1706 Halm
2133 1640 2174 1704 1.
2221 1640 2261 1704 1.
2308 1637 2490 1727 tab.),
2548 1638 2660 1724 qui
2715 1637 3109 1703 contrarium

594 1746 900 1831 probent,
946 1747 1148 1810 veluti
1176 1745 1446 1811 Aubeus
1476 1745 1546 1835 (l.
1583 1747 1625 1812 l.
1663 1771 1727 1832 p.
1767 1747 1928 1836 483)
1957 1771 2162 1833 prope
2193 1745 2718 1832 promunturium
2747 1746 2989 1811 Blanco
3028 1766 3108 1808 ex

594 1852 916 1935 profundo
945 1854 1107 1918 mari
1139 1876 1360 1919 eorum
1399 1853 1701 1919 bracchia
1739 1855 2047 1919 extraxit:
2095 1855 2493 1939 ε6611161116111,
2529 1856 2567 1917 a
2604 1857 2790 1918 notre
2830 1852 3111 1936 premier

594 1959 943 2046 mouillage
1008 1983 1119 2024 sur
1171 1960 1236 2024 la
1291 1963 1452 2043 cote,
1508 1963 1546 2023 a
1603 1960 1914 2044 quelques
1969 1961 2173 2026 lieues
2236 1983 2317 2025 au
2371 1960 2555 2027 Nord
2614 1960 2700 2024 du
2759 1960 2914 2024 faux
2972 1959 3105 2043 Cap

590 2066 810 2151 Blanc,
855 2067 1088 2131 l'ancre
1126 2090 1164 2132 a
1200 2067 1510 2150 rapporte
1549 2088 1639 2131 un
1683 2089 1943 2132 rameau
1994 2068 2070 2132 de
2118 2068 2315 2133 corail
2353 2068 2439 2132 du
2486 2068 2637 2152 plus
2683 2068 2850 2132 beau
2887 2089 3108 2153 rouge,

593 2178 658 2238 et
688 2175 844 2239 dont
881 2175 975 2239 les
1004 2175 1321 2239 branches
1358 2174 1753 2258 principales
1781 2175 2035 2240 avaient
2073 2176 2223 2259 plus
2252 2176 2329 2239 de
2358 2177 2401 2240 Ο
2429 2199 2512 2240 111.
2535 2175 2623 2241 25
2657 2176 2734 2239 (16
2771 2175 3107 2261 longueur.

591 2280 634 2344 J
639 2281 879 2366 'ignor-e
927 2281 984 2346 si
1039 2305 1110 2346 ce
1157 2281 1422 2365 produit
1468 2285 1567 2345 est
1613 2282 1946 2347 abondant
2001 2305 2082 2346 en
2129 2305 2235 2347 ces
2288 2305 2580 2369 parageS,
2627 2285 2692 2345 et
2740 2282 2806 2365 je
2851 2302 2933 2345 ne
2980 2281 3106 2345 cite

592 2410 662 2452 ce
709 2388 829 2452 fait
868 2410 991 2472 que
1029 2411 1221 2472 parce
1261 2389 1576 2472 qu'aucun
1614 2389 1726 2453 des
1763 2389 2316 2475 renseignements
2355 2411 2479 2473 que
2510 2388 2620 2474 j’ai
2658 2411 2749 2473 pu
2785 2387 3109 2452 recueillir

562 2516 671 2558 -ne
718 2494 812 2578 s'y
855 2496 1216 2578 rapporte':
1281 2493 1620 2579 utriusque
1675 2500 1893 2560 autem
1947 2496 2205 2583 generis
2265 2495 2509 2561 insulas
2564 2496 2730 2560 aeris
2773 2495 2839 2559 vi
2884 2494 3108 2559 maris-

593 2622 717 2685 que
762 2600 999 2666 haustu
1045 2601 1304 2685 saepius
1351 2602 1533 2666 brevi
1589 2602 1833 2666 destrui
1878 2625 2068 2667 nemo
2114 2602 2338 2667 nescit.
2431 2601 2557 2667 Sed
2611 2604 2936 2685 utcunque
2982 2601 3106 2666 hoc

592 2712 691 2772 est
732 2746 821 2755 ———
869 2731 1020 2773 nam
1065 2709 1349 2774 liberum
1396 2714 1536 2775 esto
1576 2710 1920 2775 arbitrium
1966 2710 2212 2775 incerta
2258 2708 2658 2774 sectantibus
2707 2746 2809 2793 —-—,
2856 2730 3107 2773 revoce-

589 2837 735 2880 mus
778 2838 899 2881 nos
945 2818 1028 2881 ab
1076 2816 1180 2881 his
1225 2817 1439 2902 rebus,
1487 2817 1726 2901 quibus
1773 2817 2015 2882 diutius
2070 2839 2192 2881 nos
2244 2816 2623 2882 immoratos
2666 2815 2982 2880 videmus:
3038 2814 3106 2880 id

590 2922 1020 2987 certissimum
1076 2928 1199 3009 est,
1263 2924 1431 2987 hanc
1485 2922 1961 2988 dubitationem
2009 2962 2092 2970 —
2142 2924 2195 2988 si
2252 2927 2350 2989 est
2406 2922 2727 2988 dubitatio
2777 2960 2859 2968 -——
2907 2922 3105 2986 haud-

590 3050 914 3112 quaquam
978 3052 1120 3094 eam
1191 3030 1324 3094 vim
1387 3030 1656 3116 habere,
1728 3034 1803 3094 ut
1875 3034 2016 3095 tota
2087 3054 2231 3096 mea
2304 3030 2652 3115 explicatio
2719 3030 2866 3094 inde
2930 3030 3102 3094 labe-

588 3136 883 3200 factetur.

767 3244 940 3321 Quae
978 3243 1048 3308 in
1091 3242 1220 3309 fine
1264 3244 1458 3309 huius
1506 3244 1902 3331 paragraphi
1948 3244 2271 3310 adduntur
2317 3245 2490 3329 apud
2525 3244 2927 3329 Hannonem,
2974 3266 3102 3308 am-

587 3350 865 3434 pliorem
908 3373 1040 3415 non
1087 3355 1449 3435 exposcunt
1494 3352 1881 3438 indaginem.
1964 3352 2068 3416 Ex
2112 3356 2403 3416 veterum
2451 3356 2786 3416 auctorum
2830 3373 3099 3416 numero

585 3457 949 3541 comparari
979 3457 1169 3522 iubeo
1201 3481 1364 3542 quae
1401 3460 1747 3524 traduntur
1783 3459 1958 3544 apud
1993 3457 2279 3523 Plinium
2317 3455 2408 3545 (V
2440 3456 2526 3546 1),
2571 3458 2808 3523 Melam
2847 3455 2969 3545 (ΠΙ
3008 3455 3099 3544 9),

586 3563 881 3629 Solinum
927 3560 1007 3650 (c.
1047 3561 1181 3652 27),
1228 3569 1452 3649 aperte
1499 3566 1785 3630 derivata
1832 3589 1911 3630 ex
1948 3564 2288 3629 Hannonis
2335 3564 2608 3650 periplo.
2688 3565 2746 3630 E
2792 3564 3101 3630 recentio-

585 3671 769 3736 ribus
823 3671 1133 3756 permulti
1187 3673 1291 3736 vel
1354 3672 1481 3737 levi
1537 3671 1840 3737 bracchio
1896 3672 2257 3759 tetigerunt
2310 3672 2436 3736 hoc
2490 3675 2943 3758 argumentum
2996 3673 3100 3736 vel

587 3777 851 3843 uberius
897 3779 1221 3863 persecuti
1269 3783 1446 3865 sunt3
1500 3802 1721 3844 verum
1769 3802 1916 3844 cum
1971 3780 2048 3843 de
2104 3802 2173 3844 re
2218 3780 2417 3865 longo
2465 3802 2545 3843 ex
2600 3782 2893 3862 tempore
2940 3778 3100 3843 satis

586 3889 864 3972 constet,
910 3885 1004 3951 eis
1051 3886 1163 3972 qui
1209 3887 1292 3951 ab
1342 3886 1815 3972 interpretibus
1862 3886 2114 3952 collecti
2162 3886 2379 3974 sunt4)
2424 3885 2585 3951 locis
2628 3906 2832 3949 novos
2868 3884 3100 3950 addere

767 4154 819 4220 1)
858 4151 928 4207 cf.
976 4150 1361 4222 Buettikofer‚
1418 4152 1861 4224 Mededeelinqen
1915 4169 2041 4208 over
2090 4152 2320 4209 Liber-ia
2371 4156 2535 4219 1883;
2600 4150 2832 4205 Liberia
2882 4150 2908 4202 I
2959 4155 3096 4205 1890

585 4241 638 4294 H
678 4247 831 4296 1891.

761 4351 817 4418 2)
845 4348 914 4407 cf.
946 4349 1113 4404 Suess
1142 4348 1452 4404 1.1.11156.
1510 4348 1740 4403 Doelter
1783 4349 2032 4404 Vulkane
2068 4350 2164 4405 der
2204 4347 2321 4419 Cap
2368 4347 2581 4403 Verden
2611 4351 2766 4403 1882.
2816 4346 3097 4402 Calderon

582 4437 706 4493 Bol.
745 4454 850 4494 soc.
885 4455 1063 4511 yeoyr.
1103 4439 1342 4494 Madrid
1388 4443 1525 4494 1884
1562 4437 1639 4490 IX
1676 4455 1735 4507 p.
1765 4444 1885 4493 377.
1943 4436 2472 4507 Peschel-Leipoldt
2505 4436 2532 4489 I
2570 4442 2675 4491 496
2693 4452 2772 4504 sq.

763 4546 818 4612 3)
856 4543 924 4599 cf.
963 4543 1294 4611 Humboldt‚
1333 4544 1472 4600 Ans,
1511 4544 1565 4599 d.
1593 4544 1813 4600 Ναίανει
1846 4544 1874 4598 I
1909 4563 1965 4616 p.
1997 4550 2116 4600 181.

761 4652 818 4721 4)
857 4651 925 4705 cf.
963 4650 1204 4705 Mueller
1239 4668 1294 4721 p.
1329 4656 1411 4706 12.
1485 4650 1628 4705 Entz
1664 4668 1719 4720 p.
1752 4658 1840 4708 44.
1913 4651 2036 4707 Mer
2070 4669 2124 4722 p.
2156 4658 2241 4708 48.
