3467 5334
586 361 672 426 28
1709 360 1894 431 Caput
1928 360 1970 415 Ι.

588 547 844 610 quoque
899 523 1263 611 significare
1322 523 1602 590 voluisse
1648 547 1760 589 eos
1814 527 2068 589 montes
2076 574 2094 608 ,
2150 524 2261 608 qui
2317 546 2523 608 prope
2568 522 3093 608 promunturium

585 633 773 699 Draa
819 654 994 697 mare
1041 630 1391 717 attingunt.
1483 631 1666 709 Quod
1720 654 1854 696 non
1906 630 2103 697 nimis
2152 630 2447 697 recedere
2502 654 2541 694 a
2593 629 2868 696 veritate
2924 629 3092 696 vide-

586 739 836 805 bimus.v

761 845 868 911 Ad
904 850 1150 911 certum
1185 870 1337 913 vero
1374 848 1571 912 finem
1598 847 2012 932 pervenimus
2041 844 2324 931 Scylacis
2361 847 2427 909 et
2454 843 2793 908 Hannonis
2830 843 3091 930 auxilio,

585 954 696 1038 qui
749 976 883 1037 non
927 954 1344 1041 rettulerunt,
1401 977 1564 1040 quae
1618 954 1894 1021 vetustis
1948 947 2189 1018 fabulis
2233 955 2516 1036 narrata,
2572 951 2769 1016 etiam
2822 973 2956 1016 non
3000 951 3091 1016 in-

583 1060 842 1125 tellecta
887 1085 1006 1146 pro
1052 1062 1223 1127 veris
1277 1063 1637 1149 habebant,
1693 1063 1807 1128 sed
1863 1084 2024 1147 quae
2069 1060 2173 1126 vel
2226 1060 2355 1144 ipsi
2399 1059 2692 1123 viderant
2737 1057 2840 1123 vel
2896 1058 3007 1143 qui
3054 1082 3093 1122 a

584 1166 845 1252 Scylace
893 1169 1258 1254 exscriptus
1316 1174 1417 1234 est
1461 1173 1702 1235 auctor.
1784 1169 1998 1234 Huius
2042 1171 2419 1252 computum
2465 1164 2749 1251 primum
2794 1165 3091 1250 inspicia-

582 1297 752 1340 mus:
817 1274 1185 1341 instituitur
1231 1279 1269 1357 §
1310 1280 1464 1342 112:
1539 1277 1946 1363 Παράπλους
2009 1274 2136 1340 ἀπὸ
2185 1270 2595 1359 ‘Homul-elmi}
2661 1277 2921 1357 στηλῶν
2984 1271 3091 1339 ἐπὶ

571 1377 894 1466 Ἑρμαίαν
931 1384 1144 1466 ἄκραν
1181 1383 1447 1469 ἡμερῶν
1485 1383 1628 1448 δύο.
1703 1378 1861 1448 ’Λπὸ
1900 1379 1975 1448 δὲ
2011 1379 2325 1468 Ἑρμαίοις
2362 1383 2567 1467 ἄκρας
2608 1382 2704 1458 εἰς
2749 1381 3089 1445 Σολόεντα

583 1490 796 1574 ἄκραν
847 1490 1234 1577 παράπλους
1287 1491 1552 1577 ἡμερῶν
1605 1500 1827 1574 τριῶν.
1910 1484 2068 1554 Ἀπὸ
2126 1484 2200 1553 δὲ
2246 1489 2619 1564 Σολόεντος
2672 1488 2767 1564 εἰς
2821 1484 3091 1572 Κέρνην

581 1597 970 1681 παράπλους
1030 1599 1296 1685 ἡμερῶν
1350 1596 1529 1664 ἑπτά.
1621 1598 1908 1681 Σύμπας
1970 1592 2043 1662 δὲ
2102 1595 2139 1661 ὁ
2195 1596 2585 1679 παράπλους
2647 1587 2844 1670 οὗτός
2907 1592 3088 1659 ἐστιν

580 1701 710 1768 άπὸ
772 1707 1170 1790 Ηρακλείων
1225 1708 1488 1788 στηλῶν
1546 1705 1642 1781 εἰς
1686 1701 1959 1790 Κέρνην
2021 1711 2233 1786 νῆσον
2295 1702 2561 1786 ἡμερῶν
2618 1701 2892 1766 δώδεκα.
2983 1700 3086 1765 Ex

580 1809 834 1875 duobus
891 1811 983 1876 eis
1040 1832 1203 1895 quae
1248 1811 1757 1895 praemittuntur
1801 1810 2120 1876 mensuris
2176 1809 2530 1896 colligitur,
2585 1806 3087 1892 uniuscuiusque

578 1914 705 1979 diei
748 1916 1150 2003 navigationi
1195 1940 1328 1983 non
1374 1940 1453 1982 ex
1501 1917 1799 1983 sollemni
1855 1940 2033 1982 more
2080 1916 2531 1983 substituenda
2587 1937 2725 1981 esse
2774 1914 3083 1999 quinqua-

579 2043 748 2108 gena
793 2023 1025 2109 stadia,
1072 2024 1183 2089 sed
1231 2047 1514 2091 sescena:
1572 2025 1744 2110 quod
1791 2024 1845 2089 si
1892 2029 2213 2108 tenemus,
2259 2023 2633 2088 deducimur
2678 2022 2861 2087 iuxta
2908 2046 3086 2087 oram

574 2130 957 2216 navigantes
1012 2153 1215 2215 usque
1272 2133 1354 2197 ad
1398 2131 1780 2198 hodiernum
1826 2130 2351 2216 promunturium
2396 2131 2591 2216 Juby,
2650 2129 2743 2194 ita
2798 2133 2872 2195 ut
2926 2129 3089 2194 illud

575 2239 739 2303 κατὰ
786 2234 862 2302 δὲ
905 2247 1113 2303 ταῦτα
1157 2241 1362 2323 νῆσός
1398 2239 1601 2322 ἐστιν,
1647 2230 1690 2325 ᾖ
1739 2240 1951 2324 ὄνομα
1986 2236 2212 2323 Κέρνη
2260 2241 2373 2302 aut
2413 2236 2643 2301 latiore
2692 2258 2881 2302 8011811
2928 2236 3085 2301 acci-

575 2345 886 2428 piendum
941 2367 1078 2410 esse
1135 2350 1449 2431 appareat
1504 2349 1615 2410 aut
1673 2367 1819 2408 cum
1866 2342 2177 2409 Goebelio
2226 2343 2295 2430 (1.
2333 2343 2374 2409 l.
2412 2368 2476 2429 p.
2509 2341 2622 2430 12)
2677 2342 2747 2408 in
2805 2345 2966 2429 μετὰ
3012 2340 3086 2409 δὲ

574 2460 783 2516 ταῦτα
829 2452 1228 2538 mutandum,
1274 2453 1343 2517 id
1390 2453 1562 2538 quod
1607 2452 1810 2517 satius
1857 2473 1995 2515 esse
2042 2450 2222 2517 duco‚

753 2557 889 2624 Iam
936 2564 1383 2626 convertamus
1427 2583 1548 2626 nos
1594 2560 1675 2624 ad
1714 2560 2124 2624 Hannonem!
2186 2559 2308 2637 Qui
2355 2583 2393 2624 a
2428 2559 2618 2626 Draa
2663 2559 2859 2625 fluvio
2908 2582 3086 2625 oram

572 2664 737 2751 legit
801 2666 963 2731 duos
1027 2667 1188 2732 dies:
1251 2668 1567 2733 habemus
1629 2690 1782 2734 vero
1842 2669 2016 2733 1000
2071 2666 2278 2732 stadia
2342 2667 2422 2731 ad
2486 2666 2616 2750 Cap
2675 2666 2870 2751 Juby:
2934 2667 3087 2737 hinc

575 2771 891 2837 orientem
955 2773 1157 2839 solem
1211 2775 1380 2860 petit
1443 2798 1561 2860 per
1624 2774 1817 2840 unius
1873 2774 2000 2838 diei
2066 2775 2352 2859 spatium
2407 2797 2480 2841 ac
2538 2797 2765 2859 reapse
2829 2776 2911 2840 ab
2970 2774 3083 2841 illo

572 2881 1026 2963 promunturio
1072 2882 1230 2948 litus
1287 2882 1579 2966 quamvis
1631 2881 1760 2945 levi
1817 2881 2183 2946 curvamine
2240 2882 2322 2945 ad
2375 2881 2531 2946 solis
2588 2885 2802 2946 ortum
2858 2881 3084 2946 tendit.

571 2986 875 3052 Efficitur
921 3010 1096 3074 erg0,
1143 2987 1391 3053 Cernen
1437 2988 1630 3052 sitam
1673 2987 1874 3052 fuisse
1921 2986 2198 3052 mediam
2248 2987 2418 3053 inter
2454 2988 2588 3071 Gap
2631 2989 2800 3073 Juby
2846 2992 2911 3053 et
2953 2989 3087 3072 Cap

571 3094 872 3176 Bojador.
961 3094 1132 3160 Dein
1187 3094 1241 3160 si
1306 3117 1385 3159 ex
1451 3093 1544 3159 eis
1605 3117 1769 3180 quae
1824 3117 2020 3180 supra
2083 3095 2292 3161 fusius
2357 3096 2433 3160 de
2498 3095 2773 3182 singulis
2828 3096 3080 3162 itineris

467 3222 474 3226 ·
572 3201 914 3267 Hannonei
974 3201 1274 3287 partibus
1339 3201 1809 3287 disputavimus
1818 3253 1836 3287 ,
1899 3226 2217 3268 summam
2281 3203 2727 3289 subducimus,
2793 3226 3082 3268 consum-

571 3312 830 3373 mantur
888 3312 970 3375 16
1029 3309 1462 3396 navigationis
1526 3309 1688 3396 dies;
1754 3333 1882 3395 qua
1944 3333 2092 3376 cum
2154 3334 2224 3377 re
2289 3312 2455 3376 bene
2520 3311 2846 3398 congruit,
2911 3311 3083 3396 quod

572 3414 807 3500 Scylax
861 3418 900 3496 §
950 3418 1072 3480 111
1133 3419 1433 3481 testatur:
1500 3411 1658 3484 Ἀπὸ
1714 3419 2151 3502 Καρχηδόνος
2208 3420 2413 3505 ταύτῃ
2470 3418 2652 3485 ἐστὶν
2707 3414 2814 3504 ἐφ’
2875 3416 3079 3501 Ἡρα-

571 3525 835 3600 κλείους
889 3525 1131 3606 στήλας
1182 3532 1304 3589 τοῦ
1359 3527 1718 3590 καλλίστου
1772 3528 1945 3589 πλοῦ
2002 3525 2390 3611 παράπλους
2442 3527 2709 3613 ἡμερῶν
2764 3524 2923 3592 ἑπτὰ
2969 3524 3080 3592 καὶ

569 3639 831 3697 νυκτῶν
888 3627 1066 3696 ἑπτά.
1153 3627 1346 3716 Audi,
1411 3630 1467 3696 si
1522 3630 1763 3717 placet,
1819 3654 1933 3696 cur
1986 3631 2111 3696 hoc
2169 3633 2542 3698 testimonio
2590 3638 2761 3698 utar:
2825 3633 3082 3697 laudavi

573 3759 770 3821 supra
814 3737 972 3802 haec
1018 3735 1358 3803 Hannonis
1403 3739 1620 3823 verba,
1666 3737 2011 3802 admodum
2057 3760 2210 3804 sane
2256 3739 2609 3804 mirabilia:
2668 3738 3081 3826 Ἐτεκμαιρό-

570 3850 747 3929 μεθα
804 3841 871 3909 δ’
932 3844 1155 3929 αὐτὴν·
1189 3843 1299 3930 (80.
1338 3844 1638 3932 Κέρνην)
1700 3844 1772 3910 ἐκ
1826 3855 1948 3911 τοῦ
2001 3849 2327 3932 περίπλου
2382 3844 2523 3912 κατ’
2587 3847 2760 3912 εὐθὺ
2809 3852 3079 3917 κεῖσθαι

569 3952 1029 4035 Καρχηδόνος·
1094 3947 1282 4038 ἐῴκει
1345 3952 1472 4034 γὰρ
1537 3950 1574 4016 ὁ
1639 3956 1849 4028 πλοῦς
1907 3954 1981 4017 ἔκ
2034 3974 2105 4016 τε
2164 3954 2601 4038 Καρχηδόνος
2655 3951 2760 4019 ἐπὶ
2815 3958 3081 4039 Στήλας

567 4057 881 4123 κάκεῖθεν
927 4055 1032 4122 ἐπὶ
1071 4055 1355 4141 Κέρνην.
1438 4056 1804 4122 Obscurum
1850 4058 1973 4122 hoc
2020 4059 2427 4124 enuntiatum
2474 4060 2795 4141 quomodo
2843 4064 2942 4125 est
2985 4060 3081 4125 in-

568 4163 1049 4251 tellegendum?
1119 4162 1187 4230 Ν
1188 4186 1273 4229 011
1319 4164 1685 4250 defuerunt,
1747 4164 1857 4248 qui
1913 4164 2061 4229 inde
2117 4165 2594 4252 concluderent,
2651 4165 2899 4231 Cernen
2954 4167 3076 4231 sub

570 4273 793 4337 eodem
839 4270 1191 4336 meridiano
1240 4271 1432 4337 sitam
1477 4270 1677 4336 fuisse
1723 4274 1918 4356 atque
1967 4269 2441 4359 Carthaginem,
2498 4295 2625 4358 qua
2669 4273 2748 4337 de
2792 4296 2864 4338 re
2910 4272 3079 4338 infra

568 4378 867 4464 pluribus
905 4401 1119 4465 agam:
1163 4401 1335 4444 nunc
1365 4378 1562 4443 etiam
1599 4401 1701 4444 me
1739 4401 1871 4444 non
1907 4384 2210 4444 monente
2247 4379 2413 4445 hanc
2450 4380 3077 4467 argumentationem

569 4510 687 4570 per
733 4508 799 4550 se
854 4486 1064 4571 ipsam
1119 4509 1414 4552 corruere
1469 4487 1795 4551 neminem
1848 4486 2025 4552 latet.
2114 4487 2454 4553 Hannonis
2507 4510 2689 4555 mens
2745 4486 2872 4551 alia
2925 4487 3078 4552 fuit:

566 4593 924 4660 necessario
932 4645 952 4681 ,
1007 4594 1259 4681 opinor,
1321 4594 1415 4659 ita
1461 4594 1599 4661 eius
1654 4596 1854 4662 verba
1907 4594 2278 4689 accipienda
2323 4598 2500 4681 sunt,
2563 4599 2638 4661 ut
2693 4594 3079 4681 significent,
