3467 5334
1285 445 1369 499 De
1404 444 1696 501 Hannonis
1732 444 1953 503 itinere.
2797 448 2883 514 39

378 608 752 696 philologus
806 607 921 694 sit,
983 607 1171 673 venia
1232 631 1365 673 non
1420 608 1623 674 datur.
1712 609 1821 675 An
1875 615 2094 695 potest
2160 612 2293 677 ulla
2358 636 2495 683 esse
2560 612 2888 679 excusatio

377 717 470 781 ita
514 716 871 803 argutanti‚
927 719 1000 780 ut
1045 715 1323 781 insulam
1369 716 1548 781 illam
1593 716 1872 802 Hesperi
1919 718 2141 784 cornui
2190 720 2562 805 oppositam
2608 722 2650 787 5
2696 721 2800 785 vel
2848 722 2888 787 6

377 823 627 888 itineris
675 824 810 889 dies
858 824 941 888 ab
992 846 1067 888 eo
1115 823 1464 887 distantem
1509 822 1749 889 faciat?

554 929 679 995 Sed
726 930 882 1015 quid
937 929 1140 994 multa
1185 929 1263 993 de
1317 929 1747 996 recentiorum
1802 935 2171 1017 temporum
2224 934 2720 1020 interpretibus,
2777 937 2890 1019 qui

376 1037 480 1101 vel
533 1037 704 1121 ideo,
770 1037 944 1121 quod
1007 1059 1044 1100 a
1106 1036 1268 1101 falso
1335 1036 1401 1100 et
1465 1058 1545 1101 ex
1609 1060 1786 1102 mera
1850 1039 2215 1104 coniectura
2280 1041 2496 1125 posito
2561 1044 2886 1128 principio

379 1144 621 1231 egressi
667 1149 845 1229 sunt,
907 1143 1047 1208 fieri
1100 1166 1233 1208 non
1286 1143 1527 1228 potuit,
1590 1144 1748 1228 quin
1806 1146 1887 1210 ad
1946 1169 2019 1210 ea
2065 1148 2492 1235 deferrentur,
2553 1174 2716 1235 quae
2764 1175 2884 1236 pro

377 1251 549 1315 veris
596 1250 802 1335 accipi
845 1250 1213 1336 nequeant?
1276 1249 1507 1315 Tutius
1552 1251 1826 1336 videtur,
1872 1257 2119 1318 veteres
2167 1254 2340 1318 adire
2388 1260 2697 1322 auctores.

555 1356 1092 1422 Proficiscendum
1137 1379 1287 1422 vero
1336 1379 1590 1442 semper
1637 1362 1735 1421 est
1783 1358 1865 1422 ab
1915 1358 2121 1442 ipsius
2167 1361 2506 1427 Hannonis
2550 1344 2884 1429 mensuris.

381 1464 602 1541 Quem·
629 1464 776 1529 inde
822 1488 860 1528 a
899 1464 1097 1529 Cerne
1144 1465 1356 1529 insula
1393 1465 1717 1530 desertum
1757 1465 1914 1531 litus
1952 1489 2070 1550 per
2116 1468 2451 1533 duodecim
2489 1470 2624 1535 dies
2670 1471 2885 1557 legere

377 1571 669 1637 vidimus.
750 1570 976 1655 Itaque
1024 1571 1079 1635 si
1126 1593 1164 1634 a
1200 1570 1451 1637 Sakhiet
1484 1574 1539 1638 el
1574 1573 1862 1638 Hamrae
1908 1573 2072 1638 ostio
2122 1597 2269 1640 orae
2306 1576 2781 1663 longitudinem
2818 1578 2888 1642 in

372 1677 613 1743 tabulis
672 1677 1037 1762 emetimur,
1108 1679 1314 1743 stadia
1380 1682 1529 1743 sunt
1593 1678 1874 1762 amplius
1941 1680 2225 1764 quinque
2285 1682 2465 1746 milia
2530 1682 2885 1769 quingenta

375 1808 578 1871 usque
625 1785 706 1850 ad
747 1785 1272 1870 promunturium
1314 1787 1539 1870 album,
1577 1784 1762 1869 'quod
1796 1790 2078 1873 vocatur,
2126 1789 2241 1852 ubi
2280 1812 2392 1853 ora
2427 1789 2624 1875 longa
2659 1790 2886 1856 hucus-

372 1915 496 1976 que
544 1896 609 1957 et
664 1896 841 1957 recta
897 1892 1070 1957 linea
1124 1898 1421 1978 porrecta
1477 1893 1793 1959 orientem
1847 1917 2069 1960 versus
2126 1896 2363 1961 mirum
2410 1901 2723 1981 quantum
2770 1898 2885 1962 cir-

373 1999 749 2064 cumflectit:
813 1999 941 2064 huc
998 1999 1202 2086 igitur
1259 2022 1379 2065 nos
1424 1999 1763 2066 Hannonis
1818 2025 2118 2067 mensura
2175 2003 2399 2068 deduci
2453 2004 2595 2069 luce
2652 2004 2886 2069 clarius

376 2110 489 2171 est.
569 2105 725 2172 Noli
763 2106 934 2171 enim
974 2106 1288 2191 oblivisci,
1334 2106 1504 2171 inter
1539 2107 1709 2192 Juby
1747 2112 1812 2172 et
1849 2110 2092 2175 Blanco
2130 2110 2581 2194 promunturia
2618 2133 2885 2176 caenum

376 2214 714 2301 algamque
770 2212 850 2277 ad
893 2211 1153 2277 Africae
1207 2212 1366 2277 litus
1421 2213 1745 2298 accedere,
1802 2215 2039 2298 quibus
2095 2239 2318 2281 cursus
2376 2217 2726 2283 celeritudo
2774 2219 2884 2282 ali-

373 2321 761 2405 quantillum
815 2319 1178 2385 retardatur
1235 2319 1342 2402 (cf.
1392 2318 1556 2404 Scyl.
1606 2343 1740 2404 per.
1788 2324 1827 2401 ξ
1867 2318 2108 2409 112)¹).
2198 2321 2382 2387 Adde
2439 2323 2612 2407 quod
2657 2324 2726 2388 in
2781 2324 2885 2389 his

369 2429 565 2493 maris
611 2427 911 2513 partibus
947 2427 1329 2512 navigantes
1368 2428 1625 2512 saepius
1662 2428 1840 2492 venti
1879 2428 2225 2493 destituere
2266 2431 2476 2495 solent
2488 2427 2561 2517 2),
2607 2431 2673 2495 1(1
2712 2433 2884 2516 quod

371 2535 484 2618 qui
530 2538 681 2618 post
725 2534 1112 2599 Hannonem
1158 2533 1353 2618 primi
1399 2535 1566 2599 hanc
1625 2535 1957 2622 regionem
2005 2536 2301 2601 adierunt
2348 2560 2602 2601 sensere
2648 2543 2883 2603 nautae

370 2640 759 2726 Portugalli:
807 2640 911 2706 ‘Se
957 2644 1075 2724 per
1111 2664 1325 2706 mezzo
1365 2642 1428 2706 al
1466 2643 1644 2708 detto
1690 2642 2229 2709 Fiume·dell-Oro
2266 2667 2399 2709 non
2444 2647 2612 2709 anno
2661 2646 2883 2731 calma,

373 2769 650 2831 passano
699 2747 764 2811 di
808 2747 1007 2834 lungo
1066 2749 1130 2812 la
1176 2754 1354 2815 costa
1407 2774 1591 2816 verso
1646 2750 2089 2835 Capo-Bianco
2136 2775 2254 2837 per
2308 2756 2525 2817 trovar
2570 2752 2800 2838 calma,
2847 2776 2881 2817 e

372 2854 437 2918 di
493 2855 543 2918 11
597 2854 709 2938 1101
762 2855 892 2919 11110
947 2855 1017 2919 111
1069 2854 1387 2944 Argin'3).
1479 2858 1776 2942 Denique
1823 2858 2058 2923 Hanno
2115 2859 2254 2941 ipse
2311 2858 2745 2942 compluriens
2801 2860 2882 2923 ad

371 2966 643 3026 terrram
689 2961 963 3046 appulit,'
1009 2968 1081 3027 ut
1116 2964 1268 3029 'eius
1314 2965 1512 3030 situm
1559 2969 1624 3029 et
1668 2970 1967 3030 naturam
2014 2969 2431 3052 cognosceret
2443 2962 2514 3052 ⁴).

546 3068 777 3134 Adhuc
823 3068 1026 3155 igitur
1064 3071 1278 3134 omnia
1324 3072 1590 3137 mirifice
1628 3073 1709 3135 ad
1746 3073 2084 3137 Hannonis
2124 3071 2503 3136 relationem
2544 3072 2877 3156 quadrant.

369 3172 679 3241 Attamen
750 3176 820 3240 in
883 3199 1166 3242 summas
1231 3177 1459 3249 adduci
1522 3178 1816 3243 videmur
1878 3180 2239 3264 angustias,
2316 3179 2488 3263 quod
2551 3178 2662 3242 ille
2729 3179 2879 3244 duo-

372 3281 616 3346 decimo
673 3283 775 3349 die
831 3285 911 3348 ad
957 3285 1125 3351 altos
1180 3289 1433 3350 montes
1482 3285 1766 3350 odoratis
1822 3284 2169 3350 arboribus
2216 3288 2553 3369 coopertos
2613 3307 2680 3348 se
2736 3308 2876 3370 per-

368 3388 619 3454 venisse
657 3390 764 3455 ait.
847 3390 1018 3457 Nam
1065 3391 1134 3456 in
1179 3391 1521 3476 permultis
1565 3395 1825 3457 nostrae
1872 3391 2102 3456 aetatis
2147 3391 2496 3457 itinerariis
2543 3395 2721 3457 totus
2768 3392 2878 3457 ille

369 3518 516 3561 orae
564 3500 826 3582 tractus,
875 3497 986 3582 qui
1032 3521 1070 3562 a
1114 3498 1569 3584 promunturio
1615 3499 1753 3565 albo
1798 3498 2308 3583 septentrionem
2358 3520 2579 3565 versus
2624 3503 2740 3585 est,
2784 3500 2879 3565 ita

549 3746 604 3814 1)
643 3744 711 3800 cf.
768 3744 1076 3812 Kerhallet‚
1132 3749 1352 3803 manuel
1406 3751 1459 3803 d.
1517 3750 1551 3803 l.
1608 3750 1793 3819 naviy.
1848 3748 1875 3802 I
1929 3767 1983 3817 p.
2022 3753 2156 3815 2453
2214 3746 2449 3802 Peschel
2504 3745 2541 3800 l.
2598 3746 2635 3801 1.
2692 3766 2744 3817 p.
2786 3753 2872 3804 22.
2975 3740 2980 3744 ⁴

368 3834 496 3890 adn.
537 3839 584 3888 5.
653 3834 1001 3903 Quamquam
1038 3850 1332 3905 perperam
1368 3836 1540 3906 vulgo
1579 3836 1669 3906 (cf.
1707 3836 1929 3905 Humb.,
1969 3838 2095 3892 krit.
2145 3837 2270 3891 Unt.
2303 3837 2354 3889 II
2385 3842 2468 3891 65.
2535 3835 2672 3891 Ans.
2712 3837 2765 3891 d.
2795 3836 2871 3892 N.

367 3940 424 3992 p.
452 3928 522 3977 80
537 3924 643 3993 sq.)
681 3923 931 3993 Scylacis
960 3924 1316 3994 aliorumque
1343 3925 1598 3979 veterum
1624 3927 1791 3980 notas
1828 3926 1919 3995 (cf.
1940 3924 2220 3994 Theophr.
2249 3924 2304 3978 h.
2328 3924 2402 3994 pl.
2434 3925 2512 3980 lV
2535 3932 2581 3980 7.
2638 3925 2872 3982 Aristot.

367 4010 492 4069 mir.
534 4028 683 4068 61180.
714 4017 833 4067 148.
898 4016 1095 4070 Avien.
1136 4031 1213 4070 or.
1252 4032 1325 4068 m.
1358 4020 1477 4071 113.
1517 4013 1935 4083 408)·referunt
1973 4013 2046 4067 ad
2082 4014 2415 4085 Saryassum
2453 4016 2602 4084 quod
2639 4016 2873 4073 vocatur

367 4117 544 4156 mare:
585 4102 654 4159 cf.
690 4102 1011 4159 Kruemmel
1049 4104 1163 4159 Pet.
1201 4121 1333 4160 ann.
1378 4109 1529 4158 1891.
1549 4121 1605 4173 p.
1639 4108 1739 4157 129
1761 4119 1884 4171 sqq.

548 4211 603 4278 2)
642 4210 710 4264 cf.
748 4209 870 4264 Mer
906 4229 958 4280 p.
991 4216 1074 4265 33.
1134 4212 1314 4265 Treve
1351 4229 1405 4282 p.
1438 4218 1521 4266 27.

548 4316 603 4383 3)
644 4313 714 4391 cf.
752 4314 940 4370 Piloto
985 4316 1245 4386 portogh.
1292 4335 1381 4387 ap.
1420 4317 1674 4386 Ramus„
1722 4318 1769 4373 iz
1812 4318 2032 4388 viayyio
2068 4318 2131 4372 di
2176 4318 2394 4374 Giovan
2438 4318 2617 4372 Leone
2662 4335 2717 4386 p.
2747 4322 2869 4371 218.

545 4423 601 4490 4)
641 4419 710 4474 cf.
744 4418 921 4474 Treve
955 4439 1011 4490 p.
1042 4427 1133 4475 42:
1180 4421 1307 4475 ‘son
1352 4421 1456 4475 but
1490 4421 1693 4476 n'etait
1727 4439 1831 4492 pas
1869 4423 2182 4480 seulement
2218 4424 2345 4479 d'en
2382 4426 2479 4494 (80.
2520 4422 2590 4477 (16
2621 4422 2687 4493 ⁴la
2723 4425 2871 4493 cote)

365 4508 586 4564 verifier
624 4507 682 4564 la
718 4506 997 4562 direction
1034 4508 1172 4564 dans
1211 4526 1286 4562 un
1322 4510 1532 4564 interet
1564 4516 1861 4579 purement
1897 4512 2342 4585 geographiqne,
2381 4511 2524 4566 mais
2563 4510 2689 4566 d'en
2724 4512 2867 4568 faire

366 4615 475 4653 une
522 4597 803 4653 veritable
848 4595 1338 4666 reconnaissance‚
1386 4595 1661 4653 d'etudier
1705 4599 1789 4654 168
1836 4618 2151 4657 16880111οθ8
2198 4602 2267 4657 (16
2315 4617 2406 4655 068
2446 4603 2697 4657 contrees
2734 4620 2869 4661 nou·

367 4687 541 4743 velles
578 4704 722 4757 pour
755 4706 791 4758 y
830 4702 1005 4742 nouer
1041 4685 1140 4741 des
1176 4685 1449 4743 relations
1487 4690 1928 4746 commerciales’
1972 4709 2018 4747 e.
2059 4710 2110 4761 q.
2151 4710 2193 4747 8.
