3467 5334
1314 422 1398 477 De
1434 421 1726 478 Hannonis
1763 420 1985 479 itinere.
2805 419 2889 485 27

889 585 1062 664 ’Έως
1105 582 1230 672 μὲν
1276 588 1478 651 αἰπὺν
1524 588 1674 673 ἄρτι
1725 587 1987 670 Φηγίου
2033 585 2250 669 πάγον

856 742 859 745 -
909 704 1257 780 κραιπνοῖς
1300 693 1714 776 ὑπερποτᾶτο
1763 694 2091 777 Πηγάσου
2136 702 2400 779 πτεροῖς

918 801 1232 866 Τιθωνὸν
1277 799 1350 866 ἐν
1395 802 1680 865 κοίταισι
1725 810 1871 877 ταῖς
1916 798 2176 887 Κέρνης
2221 798 2421 877 πέλας

914 912 1228 989 λιποῦσα,
1274 908 1395 972 τὸν
1440 909 1562 972 σὸν
1611 906 2066 993 ἀμφιμήτριον
2113 908 2326 973 κάσιν.

395 1015 600 1093 Quam
683 1015 1071 1081 sententiam
1152 997 1446 1099 sequitur
1528 1013 1724 1078 etiam
1796 1012 2072 1079 Nonnus
2155 1013 2263 1102 (cf.
2327 1013 2516 1079 Dion.
2574 1012 2729 1078 XVI
2781 1014 2901 1099 453

393 1124 673 1190 XXXVI
711 1125 778 1208 63
823 1120 1168 1186 XXXVIII
1213 1118 1392 1207 287).
1484 1118 1608 1196 Qui
1654 1119 1899 1183 factum
1946 1120 2050 1204 sit,
2096 1124 2170 1185 ut
2215 1121 2426 1186 insula
2473 1144 2552 1185 ex
2597 1120 2711 1184 illo
2759 1120 2901 1184 loco

395 1231 854 1295 transferretur
926 1229 1006 1293 ad
1077 1228 1281 1311 hunc,
1351 1225 1539 1290 facile
1613 1226 2042 1311 cognoscitur.
2152 1227 2625 1311 Opponebatur
2698 1227 2902 1293 Cerne

395 1337 853 1421 Aethiopibus,
891 1335 1063 1420 quod
1106 1357 1343 1399 nomen
1380 1333 1594 1417 prisca
1629 1335 1840 1397 aetate
1878 1333 2007 1397 late
2046 1334 2277 1418 patuit.
2358 1333 2621 1399 Etenim
2660 1358 2696 1398 a
2737 1333 2905 1399 Solis

397 1445 579 1531 regia
625 1465 827 1528 usque
874 1443 954 1506 ad
997 1440 1504 1506 remotissimum
1541 1461 1839 1504 occasum
1884 1440 2335 1506 meridionales
2381 1440 2681 1527 regiones
2726 1446 2899 1506 tene-

399 1553 583 1616 bant:
646 1552 983 1625 Αὐθίοπας
1047 1550 1155 1613 δεῖ
1212 1546 1526 1632 δέχεσθαι
1588 1550 1747 1625 τοὺς
1808 1546 1960 1635 παρ’
2035 1549 2200 1633 ὅλην
2264 1551 2717 1626 διατείνοντας
2777 1549 2902 1632 τὴν

397 1660 744 1723 ὠκεανῖτιν
799 1653 911 1741 ἀφ’
965 1655 1163 1738 ἡλίου
1209 1654 1515 1730 ἀνιόντος
1560 1652 1750 1739 μέχρι
1803 1655 1998 1739 ἡλίου
2055 1655 2391 1741 δυομένου
2438 1655 2546 1744 (cf.
2586 1656 2820 1721 Strabo
2868 1656 2901 1720 I

394 1769 455 1851 2,
493 1768 577 1830 28
627 1787 689 1848 p.
728 1764 813 1829 35
836 1761 904 1828 C.
978 1762 1055 1827 cf.
1102 1760 1134 1827 I
1179 1765 1239 1845 2,
1280 1763 1360 1826 17
1410 1784 1473 1845 p.
1513 1764 1598 1827 32
1621 1759 1723 1848 C).
1816 1762 1977 1827 Cum
2041 1763 2246 1849 igitur
2310 1764 2705 1828 accuratiora
2766 1785 2901 1828 non

396 1874 655 1956 praesto
694 1874 925 1955 essent,
964 1868 1272 1953 cuiusque
1311 1867 1582 1931 arbitrio
1621 1870 2009 1952 permissum
2048 1875 2203 1956 erat,
2249 1874 2466 1934 utrum
2504 1871 2573 1935 in
2611 1875 2900 1934 extremo

396 1978 640 2043 oriente
696 1976 945 2042 Cernen
1001 1998 1306 2061 quaerere
1360 1974 1609 2061 mallet,
1665 1999 1748 2039 an
1803 1976 1873 2041 in
1929 1978 2284 2063 occidente,
2348 2000 2432 2041 an
2485 1977 2555 2041 in
2609 1977 2903 2042 meridie:

393 2086 502 2150 hic
557 2084 729 2149 enim
783 2084 1051 2169 ponitur
1096 2107 1134 2147 a
1178 2082 1494 2167 Dionysio
1540 2082 1909 2169 Periegeta,
1963 2085 2046 2148 ad
2100 2083 2282 2149 cuius
2333 2105 2554 2149 versus
2611 2086 2740 2149 219
2763 2107 2902 2169 sqq.

396 2188 555 2256 haec
627 2190 955 2255 adnotavit
1011 2189 1416 2255 scholiastes:
1481 2189 1520 2273 ἡ
1577 2188 1769 2267 θέσις
1823 2190 2025 2275 αὐτῆς
2090 2190 2204 2278 (sc.
2250 2199 2366 2275 τῆς
2419 2188 2710 2278 Κέρνης)
2766 2193 2903 2257 δια-

399 2308 735 2385 φωνεῖται.
833 2299 921 2362 Οί
969 2294 1091 2383 μὲν
1146 2298 1273 2382 γὰρ
1330 2296 1729 2381 ἀνατολικὴν
1786 2298 1997 2382 αὐτὴν
2050 2297 2516 2383 ὑποτίθενται,
2574 2300 2664 2375 ὡς
2707 2296 2818 2365 καὶ
2865 2298 2902 2364 ὁ

396 2407 782 2491 Λυκόφρων
819 2404 1148 2488 ἐμφαίνει,
1186 2404 1259 2469 οί
1292 2400 1367 2468 δὲ
1406 2404 1709 2487 δυτικήν·
1758 2405 2128 2482 Διονύσιος
2165 2401 2241 2470 δὲ
2276 2403 2386 2470 καὶ
2425 2406 2613 2471 ἄλλοι
2651 2409 2900 2472 νοτίαν.

395 2514 498 2578 Ex
545 2513 689 2597 ipsa
738 2516 954 2576 autem
998 2511 1192 2577 huius
1237 2510 1331 2575 rei
1377 2514 1610 2575 natura
1657 2513 2069 2596 sequebatur,
2116 2517 2190 2576 ut
2236 2513 2538 2578 omnibus
2586 2514 2662 2577 de
2702 2513 2904 2578 Cerne

397 2619 611 2684 insula
658 2619 916 2683 fabellis
950 2619 1144 2683 fidem
1181 2618 1501 2684 doctiores
1539 2619 1900 2706 geographi
1940 2619 2333 2706 denegarent
2369 2619 2571 2684 veluti
2610 2619 2843 2684 Strabo
2873 2619 2905 2685 I

399 2750 462 2811 p.
507 2729 592 2792 47
658 2724 1076 2790 Eratostheni
1143 2726 1588 2791 credulitatem
1662 2726 1969 2813 obiurgat
2041 2727 2246 2792 hisce:
2322 2730 2729 2793 Πεπίστευκε
2792 2724 2904 2792 καὶ

396 2832 549 2919 περὶ
593 2843 728 2897 τῶν
784 2833 905 2913 ἔξω
964 2837 1222 2918 στηλῶν
1258 2830 1671 2918 “Ηρακλείων
1725 2837 1996 2910 πολλοῖς
2052 2835 2471 2918 μυθώδεσιν,
2520 2833 2789 2920 Κέρνην
2832 2856 2903 2899 τε

399 2947 611 3024 νῆσον
663 2937 773 3004 καὶ
836 2939 1081 3017 ἄλλους
1132 2942 1381 3017 τόπους
1444 2936 1788 3026 ὀνομάζων
1845 2943 2003 3018 τοὺς
2068 2943 2378 3026 μηδαμοῦ
2432 2938 2588 3007 νυνὶ
2645 2942 2904 3006 δεικνυ-

406 3047 663 3131 μένους.

577 3152 723 3217 Duo
769 3156 1024 3218 tantum
1070 3157 1319 3238 extant,
1365 3154 1421 3218 si
1465 3154 1853 3220 Hannonem
1899 3160 1965 3221 et
2012 3155 2340 3240 Scylacem
2379 3156 2682 3242 excipiaS,
2728 3154 2906 3220 testi-

399 3260 615 3326 monia
650 3283 783 3325 non
819 3261 1203 3345 spernenda:
1243 3261 1516 3326 alterum
1555 3262 1727 3347 apud
1764 3262 2067 3348 Plinium,
2104 3263 2220 3327 ubi
2266 3263 2387 3348 (VI
2428 3261 2544 3350 35)
2592 3263 2907 3347 scriptum

402 3372 527 3433 est:
592 3367 943 3453 ‘Polybius
987 3369 1056 3434 in
1102 3372 1393 3434 extrema
1437 3369 1839 3434 Mauretania
1892 3374 2117 3434 contra
2170 3375 2458 3436 montem
2493 3370 2829 3436 Atlantem
2874 3394 2912 3433 a

399 3479 571 3539 terra
625 3474 832 3540 stadia
890 3479 1035 3541 octo
1100 3477 1326 3542 abesse
1382 3477 1601 3561 prodit
1659 3476 1934 3563 Cernen,
1988 3478 2213 3563 Nepos
2269 3477 2605 3543 Cornelius
2670 3501 2750 3542 ex
2805 3476 2907 3541 ad-

397 3605 582 3647 verso
630 3581 908 3646 maxime
956 3581 1369 3669 Carthaginis
1414 3606 1452 3646 a
1498 3584 1869 3649 continente
1914 3585 2001 3651 M.
2047 3586 2136 3670 P.,
2180 3608 2312 3650 non
2358 3584 2741 3670 ampliorem
2788 3583 2904 3648 cir-

397 3690 574 3755 cuitu
622 3689 877 3756 duobus
924 3690 1241 3756 milibus':
1301 3691 1574 3757 alterum
1620 3692 1794 3776 apud
1839 3693 2308 3776 Ptolemaeum,
2366 3692 2477 3777 qui
2524 3690 2649 3779 (IV
2680 3677 2755 3777 6,
2793 3687 2912 3776 33)

399 3797 648 3864 Cernen
719 3796 993 3861 collocat
1056 3798 1178 3863 sub
1246 3797 1361 3864 25⁰
1388 3796 1514 3882 40'‚
1585 3797 1922 3865 Atlantem
1994 3800 2303 3865 maiorem
2363 3798 2486 3884 (IV
2535 3801 2600 3883 1,
2646 3795 2720 3884 2)
2784 3797 2905 3862 sub

399 3902 514 3970 26Ο
542 3901 675 3969 30':
722 3906 1067 3989 utrumque
1107 3905 1331 3970 eodem
1375 3905 1783 3971 referendum
1821 3929 1958 3972 esse
1997 3912 2200 3991 patet.
2282 3906 2421 3970 Iam
2459 3928 2608 3971 vero
2645 3904 2909 3990 Polybii

398 4010 586 4076 Atlas
633 4011 982 4077 secundum
1029 4012 1167 4078 eius
1213 4035 1545 4078 mensuras
1552 4064 1572 4100 ,
1633 4035 1795 4098 quas
1837 4013 2088 4079 Plinius
2135 4013 2412 4079 servavit
2457 4012 2519 4078 V
2572 4015 2626 4096 1,
2673 4014 2735 4096 9,
2781 4034 2909 4076 cer-

399 4116 648 4182 tissime
676 4119 1024 4203 respondet
1050 4121 1345 4186 hodierni
1373 4123 1826 4189 Antbatlantis
1862 4121 2060 4209 iugis;
2104 4120 2459 4187 Ptolemaei
2487 4120 2654 4185 ratio
2693 4118 2907 4184 obiter

401 4222 682 4288 intuenti
727 4224 855 4290 alia
900 4249 1040 4292 esse
1084 4227 1365 4293 videtur:
1410 4251 1562 4293 nam
1609 4228 1748 4293 eius
1793 4227 2129 4294 Atlantem
2175 4228 2485 4293 maiorem
2522 4247 2906 4310 componen-

399 4330 552 4395 dum
609 4351 747 4394 esse
795 4352 941 4397 cum
987 4333 1439 4418 promunturio
1489 4335 1638 4419 Gir,
1694 4334 2077 4400 documento
2125 4340 2304 4420 sunt,
2361 4357 2523 4420 quae
2570 4332 2756 4397 illum
2802 4354 2904 4397 ex-

403 4437 656 4522 cipiunt
701 4438 992 4525 flumina3
1056 4444 1343 4505 attamen
1396 4464 1434 4505 a
1479 4441 1648 4507 Solis
1709 4442 2160 4527 promunturio
2218 4444 2299 4508 ad
2351 4441 2687 4508 Atlantem
2741 4462 2907 4505 com-

400 4548 591 4631 putat
654 4546 833 4611 3000
878 4546 1012 4611 fere
1068 4546 1302 4633 stadia,
1369 4570 1531 4632 quae
1596 4548 1903 4614 distantia
1964 4549 2033 4614 in
2095 4550 2358 4635 Polybii
2432 4547 2676 4612 tabulis
2739 4547 2911 4613 inter

401 4652 772 4726 Soloentem
828 4657 894 4719 et
946 4651 1281 4720 Atlantem
1335 4653 1701 4720 intercedit:
1766 4656 1934 4722 unde
1988 4657 2256 4741 planum
2308 4656 2411 4741 fit,
2465 4655 2911 4723 Ptolemaeum
