<?xml version="1.0" encoding="UTF-8"?>
<!DOCTYPE html PUBLIC "-//W3C//DTD XHTML 1.0 Transitional//EN"
    "http://www.w3.org/TR/xhtml1/DTD/xhtml1-transitional.dtd">
<html xmlns="http://www.w3.org/1999/xhtml" xml:lang="en" lang="en">
 <head>
  <title>
</title>
<meta http-equiv="Content-Type" content="text/html;charset=utf-8" />
  <meta name='ocr-system' content='tesseract 3.04.00' />
  <meta name='ocr-capabilities' content='ocr_page ocr_carea ocr_par ocr_line ocrx_word'/>
</head>
<body>
  <div class='ocr_page' id='page_1' title='image "./dehannoniscarth00fiscgoog_0072.png"; bbox 0 0 3467 5334; ppageno 0'>
   <div class='ocr_carea' id='block_1_1' title="bbox 564 404 1945 475">
    <p class='ocr_par' dir='ltr' id='par_1_1' title="bbox 564 404 1945 475">
     <span class='ocr_line' id='line_1_1' title="bbox 564 404 1945 475; baseline -0.004 -8"><span class='ocrx_word' id='word_1_1' title='bbox 564 404 650 467; x_wconf 83' lang='grc'><strong>64</strong></span> <span class='ocrx_word' id='word_1_2' title='bbox 1684 405 1870 475; x_wconf 77' lang='lat' dir='ltr'>Caput</span> <span class='ocrx_word' id='word_1_3' title='bbox 1904 405 1945 462; x_wconf 92' lang='lat' dir='ltr'>I.</span> 
     </span>
    </p>
   </div>
   <div class='ocr_carea' id='block_1_2' title="bbox 2699 566 3076 582">
    <p class='ocr_par' dir='ltr' id='par_1_2' title="bbox 2699 566 3076 582">
     <span class='ocr_line' id='line_1_2' title="bbox 2699 566 3076 582; baseline 0 0"><span class='ocrx_word' id='word_1_4' title='bbox 2699 566 3076 582; x_wconf 95' lang='lat' dir='ltr'> </span> 
     </span>
    </p>
   </div>
   <div class='ocr_carea' id='block_1_3' title="bbox 2508 587 2515 1013">
    <p class='ocr_par' dir='ltr' id='par_1_3' title="bbox 2508 587 2515 1013">
     <span class='ocr_line' id='line_1_3' title="bbox 2508 587 2515 1013; baseline 0 4321"><span class='ocrx_word' id='word_1_5' title='bbox 2508 587 2515 1013; x_wconf 95' lang='lat' dir='ltr'> </span> 
     </span>
    </p>
   </div>
   <div class='ocr_carea' id='block_1_4' title="bbox 2223 604 2230 1052">
    <p class='ocr_par' dir='ltr' id='par_1_4' title="bbox 2223 604 2230 1052">
     <span class='ocr_line' id='line_1_4' title="bbox 2223 604 2230 1052; baseline 0 4282"><span class='ocrx_word' id='word_1_6' title='bbox 2223 604 2230 1052; x_wconf 95' lang='lat' dir='ltr'> </span> 
     </span>
    </p>
   </div>
   <div class='ocr_carea' id='block_1_5' title="bbox 617 602 3040 1063">
    <p class='ocr_par' dir='ltr' id='par_1_5' title="bbox 617 602 3040 1063">
     <span class='ocr_line' id='line_1_5' title="bbox 2300 602 3040 657; baseline -0.005 0"><span class='ocrx_word' id='word_1_7' title='bbox 2300 602 2435 657; x_wconf 90' lang='lat' dir='ltr'>Cod.</span> <span class='ocrx_word' id='word_1_8' title='bbox 2601 617 2704 655; x_wconf 87' lang='lat' dir='ltr'>nos</span> <span class='ocrx_word' id='word_1_9' title='bbox 2824 618 3040 654; x_wconf 83' lang='lat' dir='ltr'>summa</span> 
     </span>
     <span class='ocr_line' id='line_1_6' title="bbox 622 671 2123 743; baseline 0.003 -19"><span class='ocrx_word' id='word_1_10' title='bbox 622 671 756 725; x_wconf 88' lang='lat' dir='ltr'>Inde</span> <span class='ocrx_word' id='word_1_11' title='bbox 794 688 830 725; x_wconf 89' lang='lat' dir='ltr'>a</span> <span class='ocrx_word' id='word_1_12' title='bbox 866 671 1254 742; x_wconf 85' lang='lat' dir='ltr'>promunturio</span> <span class='ocrx_word' id='word_1_13' title='bbox 1293 672 1568 743; x_wconf 80' lang='lat' dir='ltr'>Hesperio</span> <span class='ocrx_word' id='word_1_14' title='bbox 1604 672 2123 743; x_wconf 69' lang='lat' dir='ltr'>praeter-navigatio</span> 
     </span>
     <span class='ocr_line' id='line_1_7' title="bbox 687 760 2967 832; baseline 0 -19"><span class='ocrx_word' id='word_1_15' title='bbox 687 760 934 829; x_wconf 83' lang='lat' dir='ltr'>regionis</span> <span class='ocrx_word' id='word_1_16' title='bbox 974 761 1420 817; x_wconf 82' lang='lat' dir='ltr'>suffimentorum</span> <span class='ocrx_word' id='word_1_17' title='bbox 1459 762 1660 832; x_wconf 79' lang='lat' dir='ltr'>plenae</span> <span class='ocrx_word' id='word_1_18' title='bbox 1710 761 1831 815; x_wconf 78' lang='lat' dir='ltr'>dies</span> <span class='ocrx_word' id='word_1_19' title='bbox 1877 806 2174 817; x_wconf 91' lang='grc'><strong>.....</strong></span> <span class='ocrx_word' id='word_1_20' title='bbox 2338 795 2401 802; x_wconf 85' lang='lat'>——</span> <span class='ocrx_word' id='word_1_21' title='bbox 2623 769 2689 816; x_wconf 93' lang='lat'>10</span> <span class='ocrx_word' id='word_1_22' title='bbox 2898 767 2967 814; x_wconf 84' lang='lat'>45</span> 
     </span>
     <span class='ocr_line' id='line_1_8' title="bbox 619 849 2967 920; baseline 0.002 -18"><span class='ocrx_word' id='word_1_23' title='bbox 619 849 765 903; x_wconf 89' lang='lat' dir='ltr'>Hinc</span> <span class='ocrx_word' id='word_1_24' title='bbox 803 849 877 904; x_wconf 86' lang='lat' dir='ltr'>ad</span> <span class='ocrx_word' id='word_1_25' title='bbox 912 850 1110 904; x_wconf 87' lang='lat' dir='ltr'>Theon</span> <span class='ocrx_word' id='word_1_26' title='bbox 1155 849 1402 906; x_wconf 86' lang='lat' dir='ltr'>Ochema</span> <span class='ocrx_word' id='word_1_27' title='bbox 1440 853 1687 907; x_wconf 87' lang='lat' dir='ltr'>montem</span> <span class='ocrx_word' id='word_1_28' title='bbox 1765 894 2036 920; x_wconf 85' lang='lat'><strong>.....</strong></span> <span class='ocrx_word' id='word_1_29' title='bbox 2048 854 2051 859; x_wconf 86' lang='lat'>&#39;</span> <span class='ocrx_word' id='word_1_30' title='bbox 2097 898 2107 907; x_wconf 97' lang='lat'>.</span> <span class='ocrx_word' id='word_1_31' title='bbox 2169 897 2178 908; x_wconf 92' lang='lat'>.</span> <span class='ocrx_word' id='word_1_32' title='bbox 2352 860 2387 905; x_wconf 84' lang='lat'>4</span> <span class='ocrx_word' id='word_1_33' title='bbox 2638 857 2671 904; x_wconf 91' lang='grc'>4</span> <span class='ocrx_word' id='word_1_34' title='bbox 2899 856 2967 904; x_wconf 84' lang='grc'>49</span> 
     </span>
     <span class='ocr_line' id='line_1_9' title="bbox 617 939 2969 1010; baseline 0 -18"><span class='ocrx_word' id='word_1_35' title='bbox 617 939 754 993; x_wconf 87' lang='lat' dir='ltr'>Inde</span> <span class='ocrx_word' id='word_1_36' title='bbox 793 939 866 993; x_wconf 88' lang='lat' dir='ltr'>ad</span> <span class='ocrx_word' id='word_1_37' title='bbox 904 939 1041 994; x_wconf 89' lang='lat' dir='ltr'>Noti</span> <span class='ocrx_word' id='word_1_38' title='bbox 1078 939 1259 994; x_wconf 89' lang='lat' dir='ltr'>Cornu</span> <span class='ocrx_word' id='word_1_39' title='bbox 1762 985 2176 1010; x_wconf 86' lang='lat'><strong>.......</strong></span> <span class='ocrx_word' id='word_1_40' title='bbox 2352 949 2384 996; x_wconf 85' lang='lat'>3</span> <span class='ocrx_word' id='word_1_41' title='bbox 2640 947 2670 994; x_wconf 85' lang='lat'><strong>3</strong></span> <span class='ocrx_word' id='word_1_42' title='bbox 2898 944 2969 993; x_wconf 82' lang='lat'>52</span> 
     </span>
     <span class='ocr_line' id='line_1_10' title="bbox 2511 1016 2515 1063; baseline 0 0"><span class='ocrx_word' id='word_1_43' title='bbox 2511 1016 2515 1063; x_wconf 90' lang='grc' dir='ltr'>Ι</span> 
     </span>
    </p>
   </div>
   <div class='ocr_carea' id='block_1_6' title="bbox 2793 587 2800 1060">
    <p class='ocr_par' dir='ltr' id='par_1_6' title="bbox 2793 587 2800 1060">
     <span class='ocr_line' id='line_1_11' title="bbox 2793 587 2800 1060; baseline 0 4274"><span class='ocrx_word' id='word_1_44' title='bbox 2793 587 2800 1060; x_wconf 95' lang='lat' dir='ltr'> </span> 
     </span>
    </p>
   </div>
   <div class='ocr_carea' id='block_1_7' title="bbox 559 1135 3085 2505">
    <p class='ocr_par' dir='ltr' id='par_1_7' title="bbox 559 1135 3085 2505">
     <span class='ocr_line' id='line_1_12' title="bbox 563 1135 3085 1225; baseline 0 -25"><span class='ocrx_word' id='word_1_45' title='bbox 563 1135 839 1200; x_wconf 84' lang='lat' dir='ltr'>Calculis</span> <span class='ocrx_word' id='word_1_46' title='bbox 903 1137 1108 1223; x_wconf 90' lang='lat' dir='ltr'>igitur</span> <span class='ocrx_word' id='word_1_47' title='bbox 1173 1139 1509 1203; x_wconf 86' lang='lat' dir='ltr'>subductis</span> <span class='ocrx_word' id='word_1_48' title='bbox 1582 1139 1754 1203; x_wconf 90' lang='lat' dir='ltr'>idem</span> <span class='ocrx_word' id='word_1_49' title='bbox 1819 1140 2099 1203; x_wconf 84' lang='lat' dir='ltr'>efficitur</span> <span class='ocrx_word' id='word_1_50' title='bbox 2160 1161 2466 1203; x_wconf 89' lang='lat' dir='ltr'>numerus</span> <span class='ocrx_word' id='word_1_51' title='bbox 2476 1191 2493 1225; x_wconf 93' lang='lat'>,</span> <span class='ocrx_word' id='word_1_52' title='bbox 2558 1161 2755 1223; x_wconf 85' lang='lat' dir='ltr'>quem</span> <span class='ocrx_word' id='word_1_53' title='bbox 2809 1136 3085 1201; x_wconf 87' lang='lat' dir='ltr'>Mueller</span> 
     </span>
     <span class='ocr_line' id='line_1_13' title="bbox 561 1240 3081 1332; baseline -0.001 -23"><span class='ocrx_word' id='word_1_54' title='bbox 561 1240 753 1330; x_wconf 80' lang='lat' dir='ltr'>(prol.</span> <span class='ocrx_word' id='word_1_55' title='bbox 792 1266 854 1327; x_wconf 89' lang='lat' dir='ltr'>p.</span> <span class='ocrx_word' id='word_1_56' title='bbox 884 1241 1128 1330; x_wconf 86' lang='lat' dir='ltr'><strong>XXIV)</strong></span> <span class='ocrx_word' id='word_1_57' title='bbox 1158 1245 1576 1332; x_wconf 87' lang='lat' dir='ltr'>computavit,</span> <span class='ocrx_word' id='word_1_58' title='bbox 1616 1268 2007 1331; x_wconf 88' lang='lat' dir='ltr'>quamquam</span> <span class='ocrx_word' id='word_1_59' title='bbox 2045 1246 2338 1332; x_wconf 82' lang='lat' dir='ltr'>singulae</span> <span class='ocrx_word' id='word_1_60' title='bbox 2369 1246 2505 1309; x_wconf 89' lang='lat' dir='ltr'>eius</span> <span class='ocrx_word' id='word_1_61' title='bbox 2533 1245 2816 1310; x_wconf 85' lang='lat' dir='ltr'>rationes</span> <span class='ocrx_word' id='word_1_62' title='bbox 2844 1244 3081 1308; x_wconf 91' lang='lat' dir='ltr'>mirum</span> 
     </span>
     <span class='ocr_line' id='line_1_14' title="bbox 562 1351 3082 1437; baseline 0 -24"><span class='ocrx_word' id='word_1_63' title='bbox 562 1354 876 1433; x_wconf 90' lang='lat' dir='ltr'>quantum</span> <span class='ocrx_word' id='word_1_64' title='bbox 923 1374 961 1414; x_wconf 90' lang='lat' dir='ltr'>a</span> <span class='ocrx_word' id='word_1_65' title='bbox 1006 1351 1246 1415; x_wconf 85' lang='lat' dir='ltr'>nostris</span> <span class='ocrx_word' id='word_1_66' title='bbox 1292 1351 1550 1416; x_wconf 87' lang='lat' dir='ltr'>distant.</span> <span class='ocrx_word' id='word_1_67' title='bbox 1643 1352 1924 1417; x_wconf 87' lang='lat' dir='ltr'>Felicius</span> <span class='ocrx_word' id='word_1_68' title='bbox 1980 1357 2223 1437; x_wconf 89' lang='lat' dir='ltr'>autem,</span> <span class='ocrx_word' id='word_1_69' title='bbox 2285 1375 2503 1437; x_wconf 89' lang='lat' dir='ltr'>spero,</span> <span class='ocrx_word' id='word_1_70' title='bbox 2560 1375 2753 1436; x_wconf 89' lang='lat' dir='ltr'>quam</span> <span class='ocrx_word' id='word_1_71' title='bbox 2799 1351 2909 1415; x_wconf 90' lang='lat' dir='ltr'>ille</span> <span class='ocrx_word' id='word_1_72' title='bbox 2955 1351 3082 1414; x_wconf 88' lang='lat' dir='ltr'>iter</span> 
     </span>
     <span class='ocr_line' id='line_1_15' title="bbox 562 1457 3081 1543; baseline 0 -23"><span class='ocrx_word' id='word_1_73' title='bbox 562 1458 808 1522; x_wconf 83' lang='lat' dir='ltr'>confeci</span> <span class='ocrx_word' id='word_1_74' title='bbox 882 1481 1090 1542; x_wconf 92' lang='lat' dir='ltr'>neque</span> <span class='ocrx_word' id='word_1_75' title='bbox 1168 1457 1519 1542; x_wconf 85' lang='lat' dir='ltr'><strong>quidquam</strong></span> <span class='ocrx_word' id='word_1_76' title='bbox 1594 1458 1804 1523; x_wconf 91' lang='lat' dir='ltr'>inesse</span> <span class='ocrx_word' id='word_1_77' title='bbox 1880 1459 2300 1543; x_wconf 87' lang='lat' dir='ltr'>explicationi</span> <span class='ocrx_word' id='word_1_78' title='bbox 2373 1481 2552 1523; x_wconf 90' lang='lat' dir='ltr'>meae</span> <span class='ocrx_word' id='word_1_79' title='bbox 2625 1463 2786 1543; x_wconf 93' lang='lat' dir='ltr'>puto</span> <span class='ocrx_word' id='word_1_80' title='bbox 2806 1510 2824 1543; x_wconf 91' lang='lat'>,</span> <span class='ocrx_word' id='word_1_81' title='bbox 2909 1457 3081 1541; x_wconf 93' lang='lat' dir='ltr'>quod</span> 
     </span>
     <span class='ocr_line' id='line_1_16' title="bbox 559 1564 3080 1651; baseline 0 -23"><span class='ocrx_word' id='word_1_82' title='bbox 559 1587 692 1628; x_wconf 94' lang='lat' dir='ltr'>non</span> <span class='ocrx_word' id='word_1_83' title='bbox 756 1588 991 1651; x_wconf 87' lang='lat' dir='ltr'>magna</span> <span class='ocrx_word' id='word_1_84' title='bbox 1056 1564 1349 1629; x_wconf 90' lang='lat' dir='ltr'>videatur</span> <span class='ocrx_word' id='word_1_85' title='bbox 1424 1565 1892 1649; x_wconf 88' lang='lat' dir='ltr'>probabilitate</span> <span class='ocrx_word' id='word_1_86' title='bbox 1959 1565 2407 1630; x_wconf 90' lang='lat' dir='ltr'>commendari.</span> <span class='ocrx_word' id='word_1_87' title='bbox 2521 1564 2705 1642; x_wconf 85' lang='lat' dir='ltr'>Quod</span> <span class='ocrx_word' id='word_1_88' title='bbox 2771 1565 3080 1630; x_wconf 82' lang='lat' dir='ltr'>debemus</span> 
     </span>
     <span class='ocr_line' id='line_1_17' title="bbox 560 1670 3080 1760; baseline 0.001 -27"><span class='ocrx_word' id='word_1_89' title='bbox 560 1670 901 1735; x_wconf 89' lang='lat' dir='ltr'>Hannonis</span> <span class='ocrx_word' id='word_1_90' title='bbox 966 1670 1379 1755; x_wconf 89' lang='lat' dir='ltr'>potissimum</span> <span class='ocrx_word' id='word_1_91' title='bbox 1443 1671 1776 1760; x_wconf 76' lang='grc' dir='ltr'><em>ἀκριβείᾳ,</em></span> <span class='ocrx_word' id='word_1_92' title='bbox 1843 1694 2006 1757; x_wconf 89' lang='lat' dir='ltr'>quae</span> <span class='ocrx_word' id='word_1_93' title='bbox 2071 1672 2141 1736; x_wconf 92' lang='lat' dir='ltr'>in</span> <span class='ocrx_word' id='word_1_94' title='bbox 2205 1672 2426 1737; x_wconf 90' lang='lat' dir='ltr'>ordine</span> <span class='ocrx_word' id='word_1_95' title='bbox 2490 1672 2878 1737; x_wconf 76' lang='lat' dir='ltr'>narrationis</span> <span class='ocrx_word' id='word_1_96' title='bbox 2937 1695 3080 1756; x_wconf 89' lang='lat' dir='ltr'>per-</span> 
     </span>
     <span class='ocr_line' id='line_1_18' title="bbox 563 1776 3081 1866; baseline 0 -25"><span class='ocrx_word' id='word_1_97' title='bbox 563 1776 787 1861; x_wconf 87' lang='lat' dir='ltr'>spicua</span> <span class='ocrx_word' id='word_1_98' title='bbox 834 1782 899 1842; x_wconf 92' lang='lat' dir='ltr'>et</span> <span class='ocrx_word' id='word_1_99' title='bbox 937 1778 1006 1843; x_wconf 90' lang='lat' dir='ltr'>in</span> <span class='ocrx_word' id='word_1_100' title='bbox 1051 1779 1340 1844; x_wconf 92' lang='lat' dir='ltr'>locorum</span> <span class='ocrx_word' id='word_1_101' title='bbox 1386 1779 1854 1865; x_wconf 87' lang='lat' dir='ltr'>regionumque</span> <span class='ocrx_word' id='word_1_102' title='bbox 1893 1779 2283 1865; x_wconf 86' lang='lat' dir='ltr'>nominibus,</span> <span class='ocrx_word' id='word_1_103' title='bbox 2331 1779 2479 1866; x_wconf 88' lang='lat' dir='ltr'>situ,</span> <span class='ocrx_word' id='word_1_104' title='bbox 2527 1779 2797 1864; x_wconf 90' lang='lat' dir='ltr'>ambitu,</span> <span class='ocrx_word' id='word_1_105' title='bbox 2845 1779 3081 1843; x_wconf 87' lang='lat' dir='ltr'>distan-</span> 
     </span>
     <span class='ocr_line' id='line_1_19' title="bbox 561 1884 3079 1973; baseline 0.002 -27"><span class='ocrx_word' id='word_1_106' title='bbox 561 1884 679 1947; x_wconf 82' lang='lat' dir='ltr'>tiis·</span> <span class='ocrx_word' id='word_1_107' title='bbox 719 1889 1013 1950; x_wconf 88' lang='lat' dir='ltr'>accurate</span> <span class='ocrx_word' id='word_1_108' title='bbox 1062 1885 1440 1950; x_wconf 88' lang='lat' dir='ltr'>definiendis</span> <span class='ocrx_word' id='word_1_109' title='bbox 1486 1886 1702 1970; x_wconf 87' lang='lat' dir='ltr'>posita</span> <span class='ocrx_word' id='word_1_110' title='bbox 1750 1887 2167 1971; x_wconf 89' lang='lat' dir='ltr'>praecipuam</span> <span class='ocrx_word' id='word_1_111' title='bbox 2223 1887 2585 1973; x_wconf 84' lang='lat' dir='ltr'>geographi</span> <span class='ocrx_word' id='word_1_112' title='bbox 2631 1886 2887 1950; x_wconf 90' lang='lat' dir='ltr'>laudem</span> <span class='ocrx_word' id='word_1_113' title='bbox 2934 1909 3079 1950; x_wconf 94' lang='lat' dir='ltr'>con-</span> 
     </span>
     <span class='ocr_line' id='line_1_20' title="bbox 560 1990 3081 2078; baseline 0 -23"><span class='ocrx_word' id='word_1_114' title='bbox 560 1990 795 2076; x_wconf 88' lang='lat' dir='ltr'>stituit,</span> <span class='ocrx_word' id='word_1_115' title='bbox 824 1991 917 2055; x_wconf 88' lang='lat' dir='ltr'>ita</span> <span class='ocrx_word' id='word_1_116' title='bbox 945 1996 1019 2055; x_wconf 90' lang='lat' dir='ltr'>ut</span> <span class='ocrx_word' id='word_1_117' title='bbox 1046 2014 1196 2056; x_wconf 87' lang='lat' dir='ltr'>vera</span> <span class='ocrx_word' id='word_1_118' title='bbox 1226 2014 1372 2055; x_wconf 93' lang='lat' dir='ltr'>cum</span> <span class='ocrx_word' id='word_1_119' title='bbox 1408 1992 1617 2078; x_wconf 90' lang='lat' dir='ltr'>gloria</span> <span class='ocrx_word' id='word_1_120' title='bbox 1646 1992 1723 2056; x_wconf 93' lang='lat' dir='ltr'>de</span> <span class='ocrx_word' id='word_1_121' title='bbox 1754 1993 1891 2056; x_wconf 91' lang='lat' dir='ltr'>eius</span> <span class='ocrx_word' id='word_1_122' title='bbox 1918 1993 2285 2057; x_wconf 87' lang='lat' dir='ltr'>narratione</span> <span class='ocrx_word' id='word_1_123' title='bbox 2324 1994 2651 2077; x_wconf 90' lang='lat' dir='ltr'>praedicet</span> <span class='ocrx_word' id='word_1_124' title='bbox 2684 1992 3081 2078; x_wconf 86' lang='lat' dir='ltr'>Bunburyus</span> 
     </span>
     <span class='ocr_line' id='line_1_21' title="bbox 561 2095 3081 2186; baseline 0.001 -25"><span class='ocrx_word' id='word_1_125' title='bbox 561 2097 654 2185; x_wconf 89' lang='lat' dir='ltr'>(p.</span> <span class='ocrx_word' id='word_1_126' title='bbox 695 2095 882 2184; x_wconf 77' lang='lat'>322):</span> <span class='ocrx_word' id='word_1_127' title='bbox 957 2098 1185 2162; x_wconf 79' lang='lat' dir='ltr'>‘Their</span> <span class='ocrx_word' id='word_1_128' title='bbox 1231 2098 1587 2183; x_wconf 89' lang='lat' dir='ltr'>simplicity</span> <span class='ocrx_word' id='word_1_129' title='bbox 1634 2099 1761 2163; x_wconf 89' lang='lat' dir='ltr'>and</span> <span class='ocrx_word' id='word_1_130' title='bbox 1816 2099 2149 2186; x_wconf 80' lang='lat' dir='ltr'>clearneSS,</span> <span class='ocrx_word' id='word_1_131' title='bbox 2209 2100 2399 2164; x_wconf 87' lang='lat' dir='ltr'>when</span> <span class='ocrx_word' id='word_1_132' title='bbox 2455 2100 2830 2165; x_wconf 84' lang='lat' dir='ltr'>considered</span> <span class='ocrx_word' id='word_1_133' title='bbox 2875 2101 3081 2186; x_wconf 90' lang='lat' dir='ltr'>alone,</span> 
     </span>
     <span class='ocr_line' id='line_1_22' title="bbox 561 2205 3079 2293; baseline 0 -24"><span class='ocrx_word' id='word_1_134' title='bbox 561 2206 695 2269; x_wconf 84' lang='lat' dir='ltr'>will</span> <span class='ocrx_word' id='word_1_135' title='bbox 759 2206 991 2270; x_wconf 88' lang='lat' dir='ltr'>indeed</span> <span class='ocrx_word' id='word_1_136' title='bbox 1047 2207 1128 2270; x_wconf 90' lang='lat' dir='ltr'>be</span> <span class='ocrx_word' id='word_1_137' title='bbox 1186 2205 1386 2270; x_wconf 87' lang='lat' dir='ltr'>found</span> <span class='ocrx_word' id='word_1_138' title='bbox 1442 2211 1511 2270; x_wconf 95' lang='lat' dir='ltr'>to</span> <span class='ocrx_word' id='word_1_139' title='bbox 1568 2211 1831 2291; x_wconf 88' lang='lat' dir='ltr'>present</span> <span class='ocrx_word' id='word_1_140' title='bbox 1879 2230 1917 2270; x_wconf 91' lang='lat' dir='ltr'>a</span> <span class='ocrx_word' id='word_1_141' title='bbox 1964 2207 2247 2293; x_wconf 89' lang='lat' dir='ltr'>striking</span> <span class='ocrx_word' id='word_1_142' title='bbox 2303 2211 2590 2271; x_wconf 88' lang='lat' dir='ltr'>contrast</span> <span class='ocrx_word' id='word_1_143' title='bbox 2644 2211 2715 2270; x_wconf 91' lang='lat' dir='ltr'>to</span> <span class='ocrx_word' id='word_1_144' title='bbox 2776 2207 2887 2270; x_wconf 90' lang='lat' dir='ltr'>the</span> <span class='ocrx_word' id='word_1_145' title='bbox 2936 2229 3079 2270; x_wconf 90' lang='lat' dir='ltr'>con-</span> 
     </span>
     <span class='ocr_line' id='line_1_23' title="bbox 560 2311 3079 2399; baseline 0.001 -24"><span class='ocrx_word' id='word_1_146' title='bbox 560 2312 775 2376; x_wconf 89' lang='lat' dir='ltr'>fusion</span> <span class='ocrx_word' id='word_1_147' title='bbox 850 2314 918 2376; x_wconf 92' lang='lat' dir='ltr'>in</span> <span class='ocrx_word' id='word_1_148' title='bbox 980 2313 1194 2378; x_wconf 87' lang='lat' dir='ltr'>which</span> <span class='ocrx_word' id='word_1_149' title='bbox 1249 2314 1404 2398; x_wconf 91' lang='lat' dir='ltr'>they</span> <span class='ocrx_word' id='word_1_150' title='bbox 1471 2336 1577 2377; x_wconf 88' lang='lat' dir='ltr'>are</span> <span class='ocrx_word' id='word_1_151' title='bbox 1642 2313 1941 2378; x_wconf 82' lang='lat' dir='ltr'>involved</span> <span class='ocrx_word' id='word_1_152' title='bbox 2004 2314 2072 2378; x_wconf 91' lang='lat' dir='ltr'>in</span> <span class='ocrx_word' id='word_1_153' title='bbox 2136 2314 2247 2377; x_wconf 87' lang='lat' dir='ltr'>the</span> <span class='ocrx_word' id='word_1_154' title='bbox 2312 2313 2517 2377; x_wconf 88' lang='lat' dir='ltr'>hands</span> <span class='ocrx_word' id='word_1_155' title='bbox 2583 2312 2656 2376; x_wconf 88' lang='lat' dir='ltr'>of</span> <span class='ocrx_word' id='word_1_156' title='bbox 2712 2311 2878 2376; x_wconf 88' lang='lat' dir='ltr'>later</span> <span class='ocrx_word' id='word_1_157' title='bbox 2931 2335 3079 2399; x_wconf 90' lang='lat' dir='ltr'>geo-</span> 
     </span>
     <span class='ocr_line' id='line_1_24' title="bbox 561 2419 918 2505; baseline 0 -23"><span class='ocrx_word' id='word_1_158' title='bbox 561 2419 918 2505; x_wconf 85' lang='lat' dir='ltr'>graphers.&#39;</span> 
     </span>
    </p>
   </div>
   <div class='ocr_carea' id='block_1_8' title="bbox 1606 2510 2034 2519">
    <p class='ocr_par' dir='ltr' id='par_1_8' title="bbox 1606 2510 2034 2519">
     <span class='ocr_line' id='line_1_25' title="bbox 1606 2510 2034 2519; baseline 0 2815"><span class='ocrx_word' id='word_1_159' title='bbox 1606 2510 2034 2519; x_wconf 95' lang='lat' dir='ltr'> </span> 
     </span>
    </p>
   </div>
   <div class='ocr_carea' id='block_1_9' title="bbox 741 2614 3081 2702">
    <p class='ocr_par' dir='ltr' id='par_1_9' title="bbox 741 2614 3081 2702">
     <span class='ocr_line' id='line_1_26' title="bbox 741 2614 3081 2702; baseline 0 -22"><span class='ocrx_word' id='word_1_160' title='bbox 741 2614 1164 2699; x_wconf 85' lang='lat' dir='ltr'>Paucissima,</span> <span class='ocrx_word' id='word_1_161' title='bbox 1240 2615 1478 2700; x_wconf 87' lang='lat' dir='ltr'>quibus</span> <span class='ocrx_word' id='word_1_162' title='bbox 1541 2619 1684 2680; x_wconf 89' lang='lat' dir='ltr'>tota</span> <span class='ocrx_word' id='word_1_163' title='bbox 1747 2617 1905 2681; x_wconf 90' lang='lat' dir='ltr'>haec</span> <span class='ocrx_word' id='word_1_164' title='bbox 1970 2616 2326 2701; x_wconf 88' lang='lat' dir='ltr'>disputatio</span> <span class='ocrx_word' id='word_1_165' title='bbox 2392 2617 2800 2702; x_wconf 89' lang='lat' dir='ltr'>suppleatur,</span> <span class='ocrx_word' id='word_1_166' title='bbox 2861 2639 3081 2701; x_wconf 88' lang='lat' dir='ltr'>super-</span> 
     </span>
    </p>
   </div>
   <div class='ocr_carea' id='block_1_10' title="bbox 560 2721 3181 2810">
    <p class='ocr_par' dir='ltr' id='par_1_10' title="bbox 560 2721 3181 2810">
     <span class='ocr_line' id='line_1_27' title="bbox 560 2721 3181 2810; baseline 0 -23"><span class='ocrx_word' id='word_1_167' title='bbox 560 2726 727 2787; x_wconf 90' lang='lat' dir='ltr'>sunt.</span> <span class='ocrx_word' id='word_1_168' title='bbox 784 2722 935 2788; x_wconf 90' lang='lat' dir='ltr'>Non</span> <span class='ocrx_word' id='word_1_169' title='bbox 964 2721 1137 2785; x_wconf 92' lang='lat' dir='ltr'>enim</span> <span class='ocrx_word' id='word_1_170' title='bbox 1165 2722 1247 2786; x_wconf 89' lang='lat' dir='ltr'>ab</span> <span class='ocrx_word' id='word_1_171' title='bbox 1279 2721 1581 2787; x_wconf 91' lang='lat' dir='ltr'>instituto</span> <span class='ocrx_word' id='word_1_172' title='bbox 1609 2726 1832 2787; x_wconf 87' lang='lat' dir='ltr'>nostro</span> <span class='ocrx_word' id='word_1_173' title='bbox 1862 2724 2142 2788; x_wconf 89' lang='lat' dir='ltr'>alienum</span> <span class='ocrx_word' id='word_1_174' title='bbox 2173 2725 2313 2810; x_wconf 91' lang='lat' dir='ltr'>erit,</span> <span class='ocrx_word' id='word_1_175' title='bbox 2352 2725 2635 2789; x_wconf 89' lang='lat' dir='ltr'>curatius</span> <span class='ocrx_word' id='word_1_176' title='bbox 2662 2728 2937 2789; x_wconf 88' lang='lat' dir='ltr'>tractare</span> <span class='ocrx_word' id='word_1_177' title='bbox 2969 2725 3081 2810; x_wconf 89' lang='lat' dir='ltr'>qui</span> <span class='ocrx_word' id='word_1_178' title='bbox 3175 2782 3181 2787; x_wconf 91' lang='lat'>.</span> 
     </span>
    </p>
   </div>
   <div class='ocr_carea' id='block_1_11' title="bbox 554 2829 3080 4420">
    <p class='ocr_par' dir='ltr' id='par_1_11' title="bbox 554 2829 3080 4420">
     <span class='ocr_line' id='line_1_28' title="bbox 559 2829 3079 2918; baseline 0.001 -25"><span class='ocrx_word' id='word_1_179' title='bbox 559 2834 818 2914; x_wconf 88' lang='lat' dir='ltr'>praeter</span> <span class='ocrx_word' id='word_1_180' title='bbox 861 2829 1248 2893; x_wconf 90' lang='lat' dir='ltr'>Hannonem</span> <span class='ocrx_word' id='word_1_181' title='bbox 1295 2829 1372 2893; x_wconf 93' lang='lat' dir='ltr'>de</span> <span class='ocrx_word' id='word_1_182' title='bbox 1421 2829 1685 2894; x_wconf 91' lang='lat' dir='ltr'>occidua</span> <span class='ocrx_word' id='word_1_183' title='bbox 1728 2830 1976 2915; x_wconf 84' lang='lat' dir='ltr'>Libyae</span> <span class='ocrx_word' id='word_1_184' title='bbox 2038 2854 2149 2896; x_wconf 89' lang='lat' dir='ltr'>ora</span> <span class='ocrx_word' id='word_1_185' title='bbox 2196 2837 2467 2918; x_wconf 88' lang='lat' dir='ltr'>egerunt</span> <span class='ocrx_word' id='word_1_186' title='bbox 2515 2832 2753 2916; x_wconf 89' lang='lat' dir='ltr'>quique</span> <span class='ocrx_word' id='word_1_187' title='bbox 2800 2837 3079 2897; x_wconf 86' lang='lat' dir='ltr'>aetatem</span> 
     </span>
     <span class='ocr_line' id='line_1_29' title="bbox 558 2936 3080 3025; baseline 0.001 -24"><span class='ocrx_word' id='word_1_188' title='bbox 558 2938 850 3002; x_wconf 88' lang='lat' dir='ltr'>tulerunt</span> <span class='ocrx_word' id='word_1_189' title='bbox 879 2937 1254 3021; x_wconf 90' lang='lat' dir='ltr'>scriptores:</span> <span class='ocrx_word' id='word_1_190' title='bbox 1292 2936 1640 3023; x_wconf 81' lang='lat' dir='ltr'>Scylacem,</span> <span class='ocrx_word' id='word_1_191' title='bbox 1668 2938 1972 3025; x_wconf 85' lang='lat' dir='ltr'>Plinium,</span> <span class='ocrx_word' id='word_1_192' title='bbox 2000 2939 2470 3004; x_wconf 88' lang='lat' dir='ltr'>Ptolemaeum:</span> <span class='ocrx_word' id='word_1_193' title='bbox 2507 2960 2657 3003; x_wconf 88' lang='lat' dir='ltr'>nam</span> <span class='ocrx_word' id='word_1_194' title='bbox 2684 2938 3080 3003; x_wconf 87' lang='lat' dir='ltr'>Ravennatis</span> 
     </span>
     <span class='ocr_line' id='line_1_30' title="bbox 563 3041 3080 3134; baseline 0 -25"><span class='ocrx_word' id='word_1_195' title='bbox 563 3043 1142 3131; x_wconf 84' lang='lat' dir='ltr'>Cosmographiam</span> <span class='ocrx_word' id='word_1_196' title='bbox 1180 3041 1302 3130; x_wconf 91' lang='grc' dir='ltr'>(ΠΙ</span> <span class='ocrx_word' id='word_1_197' title='bbox 1342 3043 1454 3132; x_wconf 93' lang='grc'>11)</span> <span class='ocrx_word' id='word_1_198' title='bbox 1492 3049 1559 3109; x_wconf 87' lang='grc'>61</span> <span class='ocrx_word' id='word_1_199' title='bbox 1595 3044 1998 3110; x_wconf 84' lang='grc'><strong>111116161111111</strong></span> <span class='ocrx_word' id='word_1_200' title='bbox 2034 3046 2349 3111; x_wconf 87' lang='grc' dir='ltr'><strong>Α1110111111</strong></span> <span class='ocrx_word' id='word_1_201' title='bbox 2388 3046 2480 3134; x_wconf 90' lang='lat' dir='ltr'>(p.</span> <span class='ocrx_word' id='word_1_202' title='bbox 2520 3044 2593 3134; x_wconf 86' lang='lat'>3)</span> <span class='ocrx_word' id='word_1_203' title='bbox 2632 3045 2876 3131; x_wconf 88' lang='lat' dir='ltr'>quippe</span> <span class='ocrx_word' id='word_1_204' title='bbox 2916 3068 3080 3131; x_wconf 87' lang='lat' dir='ltr'>quae</span> 
     </span>
     <span class='ocr_line' id='line_1_31' title="bbox 564 3151 2929 3239; baseline 0 -24"><span class='ocrx_word' id='word_1_205' title='bbox 564 3152 735 3215; x_wconf 87' lang='lat' dir='ltr'>ultra</span> <span class='ocrx_word' id='word_1_206' title='bbox 784 3151 932 3216; x_wconf 82' lang='lat' dir='ltr'>Sala</span> <span class='ocrx_word' id='word_1_207' title='bbox 976 3152 1245 3216; x_wconf 89' lang='lat' dir='ltr'>fluvium</span> <span class='ocrx_word' id='word_1_208' title='bbox 1290 3174 1422 3216; x_wconf 91' lang='lat' dir='ltr'>non</span> <span class='ocrx_word' id='word_1_209' title='bbox 1467 3152 1748 3217; x_wconf 91' lang='lat' dir='ltr'>multum</span> <span class='ocrx_word' id='word_1_210' title='bbox 1796 3153 2148 3237; x_wconf 72' lang='lat' dir='ltr'>procedant</span> <span class='ocrx_word' id='word_1_211' title='bbox 2193 3176 2350 3217; x_wconf 90' lang='lat' dir='ltr'>meo.</span> <span class='ocrx_word' id='word_1_212' title='bbox 2376 3153 2523 3217; x_wconf 89' lang='lat' dir='ltr'>-iure</span> <span class='ocrx_word' id='word_1_213' title='bbox 2568 3153 2929 3239; x_wconf 89' lang='lat' dir='ltr'>neglegam.</span> 
     </span>
     <span class='ocr_line' id='line_1_32' title="bbox 740 3257 3078 3347; baseline 0.001 -24"><span class='ocrx_word' id='word_1_214' title='bbox 740 3259 862 3337; x_wconf 81' lang='lat' dir='ltr'>Qui</span> <span class='ocrx_word' id='word_1_215' title='bbox 926 3281 1078 3324; x_wconf 90' lang='lat' dir='ltr'>vero</span> <span class='ocrx_word' id='word_1_216' title='bbox 1141 3259 1390 3343; x_wconf 85' lang='lat' dir='ltr'>primus</span> <span class='ocrx_word' id='word_1_217' title='bbox 1456 3259 1914 3324; x_wconf 82' lang='lat' dir='ltr'>collaudandus</span> <span class='ocrx_word' id='word_1_218' title='bbox 1987 3260 2148 3324; x_wconf 92' lang='lat' dir='ltr'>mihi</span> <span class='ocrx_word' id='word_1_219' title='bbox 2211 3260 2388 3324; x_wconf 90' lang='lat' dir='ltr'>venit</span> <span class='ocrx_word' id='word_1_220' title='bbox 2455 3259 2734 3344; x_wconf 80' lang='lat' dir='ltr'>Scylax</span> <span class='ocrx_word' id='word_1_221' title='bbox 2800 3257 2869 3345; x_wconf 67' lang='grc' dir='ltr'>(ξ</span> <span class='ocrx_word' id='word_1_222' title='bbox 2920 3259 3078 3347; x_wconf 77' lang='lat'>112)</span> 
     </span>
     <span class='ocr_line' id='line_1_33' title="bbox 558 3365 3078 3453; baseline 0 -23"><span class='ocrx_word' id='word_1_223' title='bbox 558 3370 796 3449; x_wconf 87' lang='lat' dir='ltr'>narrat,</span> <span class='ocrx_word' id='word_1_224' title='bbox 843 3365 912 3429; x_wconf 92' lang='lat' dir='ltr'>in</span> <span class='ocrx_word' id='word_1_225' title='bbox 956 3387 1131 3429; x_wconf 87' lang='lat' dir='ltr'>mare</span> <span class='ocrx_word' id='word_1_226' title='bbox 1179 3370 1473 3431; x_wconf 88' lang='lat' dir='ltr'>exterum</span> <span class='ocrx_word' id='word_1_227' title='bbox 1517 3366 1980 3453; x_wconf 86' lang='lat' dir='ltr'>navigantibus</span> <span class='ocrx_word' id='word_1_228' title='bbox 2028 3389 2358 3432; x_wconf 88' lang='lat' dir='ltr'>occurrere</span> <span class='ocrx_word' id='word_1_229' title='bbox 2411 3366 2819 3450; x_wconf 89' lang='lat' dir='ltr'>peramplum</span> <span class='ocrx_word' id='word_1_230' title='bbox 2865 3366 3078 3431; x_wconf 90' lang='lat' dir='ltr'>sinum</span> 
     </span>
     <span class='ocr_line' id='line_1_34' title="bbox 561 3471 3076 3559; baseline 0 -22"><span class='ocrx_word' id='word_1_231' title='bbox 561 3472 752 3537; x_wconf 82' lang='lat' dir='ltr'>Cotes</span> <span class='ocrx_word' id='word_1_232' title='bbox 786 3471 1206 3558; x_wconf 87' lang='lat' dir='ltr'>appellatum,</span> <span class='ocrx_word' id='word_1_233' title='bbox 1246 3473 1357 3557; x_wconf 91' lang='lat' dir='ltr'>qui</span> <span class='ocrx_word' id='word_1_234' title='bbox 1394 3473 1719 3556; x_wconf 72' lang='lat' dir='ltr'>pertineat</span> <span class='ocrx_word' id='word_1_235' title='bbox 1756 3495 1960 3557; x_wconf 89' lang='lat' dir='ltr'>usque</span> <span class='ocrx_word' id='word_1_236' title='bbox 1998 3474 2079 3537; x_wconf 92' lang='lat' dir='ltr'>ad</span> <span class='ocrx_word' id='word_1_237' title='bbox 2116 3473 2640 3557; x_wconf 86' lang='lat' dir='ltr'>promunturium</span> <span class='ocrx_word' id='word_1_238' title='bbox 2667 3471 3076 3559; x_wconf 90' lang='lat' dir='ltr'>Hermaeum,</span> 
     </span>
     <span class='ocr_line' id='line_1_35' title="bbox 560 3579 3074 3665; baseline 0 -22"><span class='ocrx_word' id='word_1_239' title='bbox 560 3580 732 3665; x_wconf 89' lang='lat' dir='ltr'>quod</span> <span class='ocrx_word' id='word_1_240' title='bbox 779 3579 996 3663; x_wconf 89' lang='lat' dir='ltr'>ipsum</span> <span class='ocrx_word' id='word_1_241' title='bbox 1042 3579 1316 3645; x_wconf 89' lang='lat' dir='ltr'>duorum</span> <span class='ocrx_word' id='word_1_242' title='bbox 1371 3579 1619 3645; x_wconf 89' lang='lat' dir='ltr'>dierum</span> <span class='ocrx_word' id='word_1_243' title='bbox 1671 3579 2155 3665; x_wconf 88' lang='lat' dir='ltr'>navigationem</span> <span class='ocrx_word' id='word_1_244' title='bbox 2211 3579 2446 3645; x_wconf 88' lang='lat' dir='ltr'>distare</span> <span class='ocrx_word' id='word_1_245' title='bbox 2508 3580 2600 3645; x_wconf 89' lang='lat' dir='ltr'>ait</span> <span class='ocrx_word' id='word_1_246' title='bbox 2646 3580 2728 3643; x_wconf 91' lang='lat' dir='ltr'>ab</span> <span class='ocrx_word' id='word_1_247' title='bbox 2775 3579 3074 3645; x_wconf 89' lang='lat' dir='ltr'>Herculis</span> 
     </span>
     <span class='ocr_line' id='line_1_36' title="bbox 559 3686 3073 3773; baseline -0 -22"><span class='ocrx_word' id='word_1_248' title='bbox 559 3686 905 3752; x_wconf 85' lang='lat' dir='ltr'>columnis:</span> <span class='ocrx_word' id='word_1_249' title='bbox 969 3686 1038 3751; x_wconf 90' lang='lat' dir='ltr'>in</span> <span class='ocrx_word' id='word_1_250' title='bbox 1084 3687 1295 3751; x_wconf 83' lang='lat' dir='ltr'>medio</span> <span class='ocrx_word' id='word_1_251' title='bbox 1344 3686 1488 3751; x_wconf 87' lang='lat' dir='ltr'>sinu</span> <span class='ocrx_word' id='word_1_252' title='bbox 1536 3708 1672 3751; x_wconf 88' lang='lat' dir='ltr'>esse</span> <span class='ocrx_word' id='word_1_253' title='bbox 1718 3686 2003 3751; x_wconf 91' lang='lat' dir='ltr'>Pontion</span> <span class='ocrx_word' id='word_1_254' title='bbox 2049 3686 2295 3773; x_wconf 90' lang='lat' dir='ltr'>urbem,</span> <span class='ocrx_word' id='word_1_255' title='bbox 2343 3686 2444 3751; x_wconf 91' lang='lat' dir='ltr'>cui</span> <span class='ocrx_word' id='word_1_256' title='bbox 2492 3686 2778 3751; x_wconf 89' lang='lat' dir='ltr'>adiacere</span> <span class='ocrx_word' id='word_1_257' title='bbox 2828 3686 3073 3772; x_wconf 85' lang='lat' dir='ltr'>Cephe-</span> 
     </span>
     <span class='ocr_line' id='line_1_37' title="bbox 559 3792 3072 3878; baseline 0.001 -21"><span class='ocrx_word' id='word_1_258' title='bbox 559 3794 801 3858; x_wconf 87' lang='lat' dir='ltr'>siadem</span> <span class='ocrx_word' id='word_1_259' title='bbox 845 3795 1073 3859; x_wconf 87' lang='lat' dir='ltr'>lacum.</span> <span class='ocrx_word' id='word_1_260' title='bbox 1158 3792 1294 3858; x_wconf 89' lang='lat' dir='ltr'>Iam</span> <span class='ocrx_word' id='word_1_261' title='bbox 1334 3815 1485 3858; x_wconf 90' lang='lat' dir='ltr'>vero</span> <span class='ocrx_word' id='word_1_262' title='bbox 1534 3792 2126 3877; x_wconf 86' lang='lat' dir='ltr'>exploratissimum</span> <span class='ocrx_word' id='word_1_263' title='bbox 2173 3798 2289 3878; x_wconf 88' lang='lat' dir='ltr'>est,</span> <span class='ocrx_word' id='word_1_264' title='bbox 2333 3792 2723 3856; x_wconf 89' lang='lat' dir='ltr'>Hermaeum</span> <span class='ocrx_word' id='word_1_265' title='bbox 2768 3815 3072 3876; x_wconf 89' lang='lat' dir='ltr'>promun—</span> 
     </span>
     <span class='ocr_line' id='line_1_38' title="bbox 556 3900 3074 3987; baseline 0 -21"><span class='ocrx_word' id='word_1_266' title='bbox 556 3902 800 3966; x_wconf 86' lang='lat' dir='ltr'>turium</span> <span class='ocrx_word' id='word_1_267' title='bbox 848 3902 1282 3987; x_wconf 88' lang='lat' dir='ltr'>quaerendum</span> <span class='ocrx_word' id='word_1_268' title='bbox 1338 3924 1475 3966; x_wconf 90' lang='lat' dir='ltr'>esse</span> <span class='ocrx_word' id='word_1_269' title='bbox 1531 3901 1702 3965; x_wconf 90' lang='lat' dir='ltr'>inter</span> <span class='ocrx_word' id='word_1_270' title='bbox 1760 3901 2072 3966; x_wconf 88' lang='lat' dir='ltr'>hodierna</span> <span class='ocrx_word' id='word_1_271' title='bbox 2127 3900 2393 3964; x_wconf 89' lang='lat' dir='ltr'>fiumina</span> <span class='ocrx_word' id='word_1_272' title='bbox 2440 3900 2485 3962; x_wconf 95' lang='lat' dir='ltr'><strong><em>I</em></strong></span> <span class='ocrx_word' id='word_1_273' title='bbox 2483 3900 2637 3964; x_wconf 79' lang='lat' dir='ltr'>kken</span> <span class='ocrx_word' id='word_1_274' title='bbox 2683 3903 2749 3963; x_wconf 90' lang='lat' dir='ltr'>et</span> <span class='ocrx_word' id='word_1_275' title='bbox 2796 3901 3074 3987; x_wconf 76' lang='lat' dir='ltr'>Cherrat,</span> 
     </span>
     <span class='ocr_line' id='line_1_39' title="bbox 556 4007 3073 4091; baseline -0 -17"><span class='ocrx_word' id='word_1_276' title='bbox 556 4009 672 4074; x_wconf 92' lang='lat' dir='ltr'>ubi</span> <span class='ocrx_word' id='word_1_277' title='bbox 720 4007 1182 4074; x_wconf 86' lang='lat' dir='ltr'>altissimorum</span> <span class='ocrx_word' id='word_1_278' title='bbox 1227 4009 1547 4073; x_wconf 92' lang='lat' dir='ltr'>montium</span> <span class='ocrx_word' id='word_1_279' title='bbox 1585 4007 1831 4072; x_wconf 86' lang='lat' dir='ltr'>radices</span> <span class='ocrx_word' id='word_1_280' title='bbox 1868 4007 2140 4091; x_wconf 89' lang='lat' dir='ltr'>propius</span> <span class='ocrx_word' id='word_1_281' title='bbox 2176 4007 2257 4071; x_wconf 91' lang='lat' dir='ltr'>ad</span> <span class='ocrx_word' id='word_1_282' title='bbox 2294 4028 2469 4071; x_wconf 89' lang='lat' dir='ltr'>mare</span> <span class='ocrx_word' id='word_1_283' title='bbox 2507 4007 2848 4072; x_wconf 83' lang='lat' dir='ltr'>accedunt:</span> <span class='ocrx_word' id='word_1_284' title='bbox 2896 4009 3073 4073; x_wconf 71' lang='lat' dir='ltr'>‘c&#39;est</span> 
     </span>
     <span class='ocr_line' id='line_1_40' title="bbox 555 4113 3073 4200; baseline -0 -19"><span class='ocrx_word' id='word_1_285' title='bbox 555 4121 595 4181; x_wconf 72' lang='lat' dir='ltr'>a</span> <span class='ocrx_word' id='word_1_286' title='bbox 640 4116 848 4200; x_wconf 86' lang='lat' dir='ltr'>partir</span> <span class='ocrx_word' id='word_1_287' title='bbox 885 4117 962 4181; x_wconf 93' lang='lat' dir='ltr'>de</span> <span class='ocrx_word' id='word_1_288' title='bbox 999 4115 1208 4181; x_wconf 88' lang='lat' dir='ltr'>l&#39;oued</span> <span class='ocrx_word' id='word_1_289' title='bbox 1243 4114 1487 4200; x_wconf 87' lang='lat' dir='ltr'>Ikkem,</span> <span class='ocrx_word' id='word_1_290' title='bbox 1535 4116 1619 4179; x_wconf 93' lang='lat' dir='ltr'>du</span> <span class='ocrx_word' id='word_1_291' title='bbox 1655 4118 1846 4199; x_wconf 91' lang='lat' dir='ltr'>reste,</span> <span class='ocrx_word' id='word_1_292' title='bbox 1894 4135 2016 4198; x_wconf 91' lang='lat' dir='ltr'>que</span> <span class='ocrx_word' id='word_1_293' title='bbox 2055 4114 2120 4177; x_wconf 90' lang='grc'>16</span> <span class='ocrx_word' id='word_1_294' title='bbox 2163 4118 2351 4178; x_wconf 89' lang='grc'><strong>101116</strong></span> <span class='ocrx_word' id='word_1_295' title='bbox 2396 4113 2482 4177; x_wconf 84' lang='grc'><strong>(111</strong></span> <span class='ocrx_word' id='word_1_296' title='bbox 2518 4113 2768 4179; x_wconf 87' lang='grc'><strong>11110161</strong></span> <span class='ocrx_word' id='word_1_297' title='bbox 2816 4115 3073 4180; x_wconf 84' lang='lat' dir='ltr'>devient</span> 
     </span>
     <span class='ocr_line' id='line_1_41' title="bbox 557 4219 3071 4310; baseline 0.001 -23"><span class='ocrx_word' id='word_1_298' title='bbox 557 4223 977 4310; x_wconf 88' lang='lat' dir='ltr'>dangereuse:</span> <span class='ocrx_word' id='word_1_299' title='bbox 1040 4223 1136 4288; x_wconf 89' lang='lat' dir='ltr'>les</span> <span class='ocrx_word' id='word_1_300' title='bbox 1198 4224 1507 4288; x_wconf 89' lang='lat' dir='ltr'>hauteurs</span> <span class='ocrx_word' id='word_1_301' title='bbox 1573 4221 1684 4306; x_wconf 93' lang='lat' dir='ltr'>qui</span> <span class='ocrx_word' id='word_1_302' title='bbox 1747 4221 1812 4285; x_wconf 88' lang='grc'>16</span> <span class='ocrx_word' id='word_1_303' title='bbox 1868 4219 2201 4285; x_wconf 90' lang='lat' dir='ltr'>dominent</span> <span class='ocrx_word' id='word_1_304' title='bbox 2256 4243 2324 4286; x_wconf 88' lang='lat' dir='ltr'>se</span> <span class='ocrx_word' id='word_1_305' title='bbox 2383 4222 2794 4307; x_wconf 89' lang='lat' dir='ltr'>rattachent,·</span> <span class='ocrx_word' id='word_1_306' title='bbox 2823 4245 3071 4289; x_wconf 89' lang='lat' dir='ltr'>comme</span> 
     </span>
     <span class='ocr_line' id='line_1_42' title="bbox 554 4327 3070 4420; baseline -0 -24"><span class='ocrx_word' id='word_1_307' title='bbox 554 4355 718 4396; x_wconf 89' lang='lat' dir='ltr'>nous</span> <span class='ocrx_word' id='word_1_308' title='bbox 773 4332 1013 4397; x_wconf 86' lang='lat' dir='ltr'>l&#39;avons</span> <span class='ocrx_word' id='word_1_309' title='bbox 1086 4332 1208 4420; x_wconf 84' lang='lat' dir='ltr'>dit,</span> <span class='ocrx_word' id='word_1_310' title='bbox 1280 4354 1408 4397; x_wconf 88' lang='lat' dir='ltr'>aux</span> <span class='ocrx_word' id='word_1_311' title='bbox 1464 4333 1849 4415; x_wconf 89' lang='lat' dir='ltr'>montagnes</span> <span class='ocrx_word' id='word_1_312' title='bbox 1914 4327 2221 4393; x_wconf 75' lang='lat' dir='ltr'>berberes</span> <span class='ocrx_word' id='word_1_313' title='bbox 2283 4328 2392 4417; x_wconf 89' lang='lat' dir='ltr'>(cf.</span> <span class='ocrx_word' id='word_1_314' title='bbox 2449 4328 2665 4393; x_wconf 84' lang='lat' dir='ltr'>Tissot</span> <span class='ocrx_word' id='word_1_315' title='bbox 2720 4352 2782 4412; x_wconf 90' lang='lat' dir='ltr'>p.</span> <span class='ocrx_word' id='word_1_316' title='bbox 2821 4328 3070 4417; x_wconf 73' lang='grc'><strong>2821)).</strong></span> 
     </span>
    </p>
   </div>
   <div class='ocr_carea' id='block_1_12' title="bbox 577 4433 765 4440">
    <p class='ocr_par' dir='ltr' id='par_1_12' title="bbox 577 4433 765 4440">
     <span class='ocr_line' id='line_1_43' title="bbox 577 4433 765 4440; baseline 0 0"><span class='ocrx_word' id='word_1_317' title='bbox 577 4433 765 4440; x_wconf 95' lang='lat' dir='ltr'> </span> 
     </span>
    </p>
   </div>
   <div class='ocr_carea' id='block_1_13' title="bbox 555 4467 3067 4721">
    <p class='ocr_par' dir='ltr' id='par_1_13' title="bbox 555 4467 3067 4721">
     <span class='ocr_line' id='line_1_44' title="bbox 737 4467 3067 4541; baseline 0 -16"><span class='ocrx_word' id='word_1_318' title='bbox 737 4474 788 4541; x_wconf 84' lang='grc'>1)</span> <span class='ocrx_word' id='word_1_319' title='bbox 826 4472 1326 4527; x_wconf 79' lang='lat' dir='ltr'>Accuratissimam</span> <span class='ocrx_word' id='word_1_320' title='bbox 1390 4470 1644 4526; x_wconf 81' lang='lat' dir='ltr'>tabulam</span> <span class='ocrx_word' id='word_1_321' title='bbox 1704 4467 1979 4524; x_wconf 76' lang='lat' dir='ltr'>adnexuit</span> <span class='ocrx_word' id='word_1_322' title='bbox 2031 4470 2331 4524; x_wconf 88' lang='lat' dir='ltr'>Beaumier</span> <span class='ocrx_word' id='word_1_323' title='bbox 2394 4468 2864 4525; x_wconf 83' lang='lat' dir='ltr'>commentationi</span> <span class='ocrx_word' id='word_1_324' title='bbox 2915 4488 3067 4540; x_wconf 82' lang='lat' dir='ltr'>suae,</span> 
     </span>
     <span class='ocr_line' id='line_1_45' title="bbox 555 4559 3066 4633; baseline 0 -17"><span class='ocrx_word' id='word_1_325' title='bbox 555 4579 724 4631; x_wconf 84' lang='lat' dir='ltr'>quam</span> <span class='ocrx_word' id='word_1_326' title='bbox 761 4561 1076 4633; x_wconf 79' lang='lat' dir='ltr'>inscripsit:</span> <span class='ocrx_word' id='word_1_327' title='bbox 1114 4561 1431 4616; x_wconf 63' lang='lat' dir='ltr'>itineraires</span> <span class='ocrx_word' id='word_1_328' title='bbox 1467 4561 1533 4615; x_wconf 79' lang='lat' dir='ltr'>de</span> <span class='ocrx_word' id='word_1_329' title='bbox 1576 4559 1792 4629; x_wconf 74' lang='lat' dir='ltr'>Tanyer</span> <span class='ocrx_word' id='word_1_330' title='bbox 1829 4559 1866 4612; x_wconf 82' lang='grc' dir='ltr'><em>ὰ</em></span> <span class='ocrx_word' id='word_1_331' title='bbox 1904 4559 2204 4630; x_wconf 74' lang='lat' dir='ltr'>Moyador:</span> <span class='ocrx_word' id='word_1_332' title='bbox 2244 4559 2313 4615; x_wconf 87' lang='lat' dir='ltr'>cf.</span> <span class='ocrx_word' id='word_1_333' title='bbox 2352 4561 2482 4615; x_wconf 86' lang='lat' dir='ltr'>bull.</span> <span class='ocrx_word' id='word_1_334' title='bbox 2520 4560 2574 4615; x_wconf 79' lang='lat' dir='ltr'>cl.</span> <span class='ocrx_word' id='word_1_335' title='bbox 2605 4560 2640 4614; x_wconf 86' lang='lat' dir='ltr'>l.</span> <span class='ocrx_word' id='word_1_336' title='bbox 2668 4575 2774 4614; x_wconf 77' lang='lat' dir='ltr'>soc.</span> <span class='ocrx_word' id='word_1_337' title='bbox 2804 4561 2858 4615; x_wconf 82' lang='lat' dir='ltr'>d.</span> <span class='ocrx_word' id='word_1_338' title='bbox 2886 4562 3066 4631; x_wconf 61' lang='lat' dir='ltr'>ydoyr.</span> 
     </span>
     <span class='ocr_line' id='line_1_46' title="bbox 555 4651 1249 4721; baseline -0.001 -15"><span class='ocrx_word' id='word_1_339' title='bbox 555 4652 621 4706; x_wconf 81' lang='lat' dir='ltr'>de</span> <span class='ocrx_word' id='word_1_340' title='bbox 661 4651 830 4706; x_wconf 77' lang='lat' dir='ltr'>Paris</span> <span class='ocrx_word' id='word_1_341' title='bbox 871 4656 1007 4706; x_wconf 79' lang='grc'><strong>1876</strong></span> <span class='ocrx_word' id='word_1_342' title='bbox 1045 4670 1096 4721; x_wconf 87' lang='lat' dir='ltr'>p.</span> <span class='ocrx_word' id='word_1_343' title='bbox 1129 4655 1249 4705; x_wconf 84' lang='lat'>241.</span> 
     </span>
    </p>
   </div>
   <div class='ocr_carea' id='block_1_14' title="bbox 3456 4566 3460 5091">
    <p class='ocr_par' dir='ltr' id='par_1_14' title="bbox 3456 4566 3460 5091">
     <span class='ocr_line' id='line_1_47' title="bbox 3456 4566 3460 5091; baseline 0 0"><span class='ocrx_word' id='word_1_344' title='bbox 3456 4566 3460 5091; x_wconf 95' lang='lat' dir='ltr'> </span> 
     </span>
    </p>
   </div>
  </div>
 </body>
</html>
