3467 5334
60 0 92 13 Ἰ

1085 421 1167 481 De
1204 421 1496 482 Hannonis
1536 424 1655 482 vita
1691 429 1751 483 et
1788 431 1989 484 aetate.
2711 427 2795 494 83

300 590 368 656 τὸ
421 590 854 674 προκείμενον
911 591 1113 674 αὐτῆς
1167 600 1282 676 τῆς
1333 594 1770 678 Καρχηδόνος
1827 593 1914 670 ὡς
1968 595 2134 678 πρὸς
2187 596 2301 671 τὰς
2347 594 2655 679 ἄρκτους·
2714 589 2801 658 οὗ

296 698 593 776 καθάπαξ
650 697 950 764 ἐπέκεινα
1005 704 1195 763 πλεῖν
1253 701 1340 777 ὡς
1389 702 1555 785 πρὸς
1600 704 2015 785 μεσημβρίαν
2064 701 2187 766 οὐκ
2234 708 2490 766 οἴονται
2540 703 2683 766 δεῖν
2731 701 2802 765 οἰ

293 806 737 890 Καρχηδόνιοι
789 807 945 881 τοὺς
980 802 1340 889 Ῥωμαίους
1394 819 1675 891 μακραῖς
1730 805 1930 872 ναυσὶ
1988 809 2098 872 διὰ
2152 810 2227 872 τὸ
2285 810 2371 892 μὴ
2428 809 2794 891 βούλεσθαι

291 912 638 994 γινώσκειν
692 913 963 996 αὐτούς,
1022 914 1110 989 ὡς
1165 912 1309 998 ἐμοὶ
1367 917 1581 998 δοκεῖ,
1639 917 1798 998 μήτε
1854 917 2010 991 τοὺς
2065 916 2228 980 κατὰ
2282 917 2407 999 τὴν
2458 916 2798 979 Βυσσάτιν

291 1020 441 1101 μήτε
506 1022 663 1095 τοὺς
727 1021 891 1084 κατὰ
954 1021 1075 1103 τὴν
1139 1022 1383 1105 μικρὰν
1441 1023 1695 1105 Σύρτιν
1761 1024 2023 1098 τόπους.
2126 1022 2310 1100 Quod
2371 1023 2546 1088 omni
2602 1025 2796 1107 pacto

291 1125 634 1190 absurdum
707 1149 844 1190 esse
917 1127 1021 1190 vel
1094 1149 1174 1190 ex
1247 1127 1422 1192 hisce
1499 1128 1766 1192 alterius
1839 1128 2115 1193 foederis
2188 1129 2402 1194 verbis
2468 1129 2800 1215 colligitur

290 1231 446 1319 (Pol.
495 1232 591 1297 ΙΠ
627 1231 770 1320 24)·:
826 1233 899 1299 ἐν
946 1237 1245 1318 Σαρδόνι
1302 1233 1413 1300 καὶ
1462 1236 1680 1320 Λιβύῃ
1736 1233 1967 1319 μηδεὶς
2006 1230 2342 1320 Ῥωμαίων
2400 1231 2545 1320 μήτ’
2601 1235 2795 1319 ἐμπο-

291 1337 588 1422 ρευέσθω
637 1343 796 1424 μήτε
841 1344 1038 1406 πόλιν
1075 1340 1354 1419 κτιζέτω.
1444 1341 1744 1406 Proxime
1782 1346 1998 1420 autem
2041 1343 2122 1405 ad
2158 1343 2499 1408 veritatem
2533 1342 2802 1406 Meltzer

293 1446 584 1531 accessit,
672 1447 782 1531 qui
862 1447 958 1511 nil
1041 1448 1370 1532 antiquius
1451 1449 1755 1513 habuisse
1839 1449 2144 1533 opinatur
2222 1449 2802 1536 CarthaginienseS,

290 1576 476 1638 quam
534 1557 607 1617 ut
662 1555 745 1618 ab
793 1554 1149 1639 Hispaniae
1205 1555 1540 1620 ditissimis
1597 1555 1868 1620 coloniis
1924 1561 2213 1620 arcerent
2267 1557 2623 1622 Romanos:
2697 1557 2800 1622 cui
2854 1574 2855 1577 ’

288 1661 572 1743 periculo
648 1662 995 1727 occurrisse
1069 1686 1179 1728 eos
1247 1663 1393 1749 lege
1458 1664 1570 1727 illa
1635 1664 1712 1727 de
1776 1662 2056 1728 Pulchro
2131 1664 2582 1748 promunturio
2656 1687 2800 1748 pro-

290 1769 591 1855 mulgata.
682 1768 900 1853 Atque
957 1769 1081 1847 hoc
1138 1770 1396 1854 quidem
1452 1771 1609 1835 satis
1659 1776 1832 1835 recte
1878 1771 2171 1856 Meltzer3
2227 1775 2293 1834 at
2340 1771 2560 1836 mirari
2608 1770 2801 1854 subit,

290 1877 606 1960 quomodo
652 1877 763 1960 qui
799 1876 1007 1942 Roma
1044 1878 1426 1962 Hispaniam
1471 1879 1640 1963 petit
1698 1880 1781 1942 ad
1819 1879 2324 1963 septentrionale
2361 1879 2607 1963 Libyae
2644 1878 2802 1942 litus

289 1984 645 2069 perveniat,
708 1985 1092 2068 praesertim
1158 2008 1303 2049 cum
1366 1986 1688 2070 rapidiore
1755 1987 1950 2051 maris
2014 1988 2257 2052 fluento
2322 1986 2651 2072 navigatio
2721 1985 2803 2049 ad

290 2090 629 2155 Columnas
675 2092 973 2156 Herculis
1028 2115 1332 2157 conversa
1388 2093 1779 2177 impediatur
1792 2091 1861 2180 )
1953 2093 2122 2157 Dein
2177 2093 2244 2156 id
2300 2115 2555 2177 quoque
2614 2092 2796 2156 dubi-

289 2198 596 2262 tationem
644 2198 908 2284 excitat,
958 2199 1129 2282 quod
1174 2223 1302 2264 uno
1351 2200 1702 2284 eodemque
1750 2201 2026 2265 foederis
2075 2199 2409 2264 enuntiato
2459 2199 2800 2285 coniunge-

287 2310 509 2370 rentur
564 2309 628 2369 et
672 2305 917 2391 Libyae
972 2307 1497 2391 promunturium
1553 2313 1617 2372 et
1663 2307 1915 2373 Iberiae
1972 2308 2192 2372 urbes!
2285 2306 2460 2382 Quae
2512 2327 2658 2369 cum
2705 2306 2797 2368 ita

290 2413 437 2498 sint,
508 2435 824 2476 summam
888 2414 1096 2479 fateor
1161 2438 1199 2478 a
1254 2419 1361 2478 me'
1411 2437 1544 2479 non
1599 2414 1875 2478 alienam
1930 2437 2068 2479 esse
2125 2413 2560 2498 mirationem,
2627 2413 2801 2497 quod

287 2520 552 2584 Meltzer
616 2519 873 2585 silentio
939 2522 1131 2605 plane
1195 2522 1531 2606 praeteriit
1586 2522 1942 2606 palmarem
1995 2522 2292 2587 Muelleri
2350 2521 2802 2604 coniecturam,

287 2650 406 2711 qua
457 2626 568 2716 (ad
603 2626 769 2692 Ptol.
807 2626 870 2691 H
908 2630 967 2711 6,
1009 2628 1124 2714 14)
1162 2631 1391 2694 Καλὸν
1438 2630 1854 2714 ἀκρωτήριον
1898 2629 1968 2693 111
2004 2629 2360 2713 Hispaniae
2408 2628 2538 2693 oris
2578 2627 2800 2712 quaeri

287 2733 489 2799 iussit.
581 2734 780 2799 Recte
828 2735 997 2799 idem
1042 2735 1328 2799 laudavit
1373 2736 1494 2800 hos
1539 2735 1773 2800 Avieni
1820 2759 2042 2800 versus
2090 2734 2209 2823 (or.
2248 2760 2329 2800 m.
2368 2737 2502 2801 424
2519 2733 2712 2821 sqq.):

754 2875 905 2915 nam
951 2856 1102 2916 sunt
1149 2852 1393 2917 feroces
1439 2853 1563 2917 hoc
1607 2852 2131 2936 Libyphoenices
2177 2853 2320 2917 loco
2331 2902 2348 2935 ,

757 2963 907 3023 sunt
953 2958 1284 3044 Massieni,
1331 2982 1531 3046 regna
1577 2959 1955 3044 Selbyssina
1999 2964 2149 3024 sunt

756 3066 987 3131 feracis
1034 3066 1173 3152 agri
1222 3069 1286 3129 et
1333 3066 1565 3130 divites
1612 3064 1889 3131 Tartesii

762 3174 873 3257 qui
919 3174 1345 3260 porriguntur
1390 3174 1460 3277 111
1507 3174 1885 3240 Calacticum
1897 3173 1951 3260 2)
2000 3175 2227 3238 sinum.

289 3297 581 3382 Denique
638 3298 705 3361 id
760 3299 1004 3383 optime
1064 3299 1281 3363 docuit
1334 3299 1634 3383 Mueller,
1700 3297 2093 3363 Calacticum
2158 3299 2370 3363 sinum
2430 3300 2801 3383 ponendum

289 3427 424 3469 esse
471 3404 540 3468 in
587 3405 849 3470 occidua
896 3429 1009 3471 ora
1054 3429 1263 3491 prope
1310 3406 1837 3491 promunturium
1885 3407 2107 3472 Palos:
2153 3407 2260 3471 hic
2308 3406 2480 3471 enim

1265 3523 1581 3587 terminus
1629 3523 1952 3607 quondam
1999 3523 2184 3588 stetit

894 3630 1358 3714 Tartesiorum,
1405 3630 1512 3694 hic
1556 3630 1779 3695 Herna
1826 3629 2052 3694 civitas
2097 3631 2224 3695 fuit

293 3751 398 3842 (cf.
443 3753 653 3819 Avien
699 3778 788 3820 or.
835 3778 916 3819 m.
973 3779 1030 3819 v.
1067 3756 1200 3819 462
1221 3753 1360 3840 sq.).
1461 3754 1600 3819 Nec
1656 3760 1874 3821 tamen
1929 3755 2460 3839 acquiescendum
2513 3758 2674 3838 puto
2734 3756 2801 3819 in

293 3861 583 3926 Muelleri
622 3862 945 3947 opinione,
984 3886 1064 3927 ex
1103 3884 1230 3946 qua
1258 3864 1486 3927 Καλὸν
1515 3863 1927 3948 ἀκρωτήριον
1957 3866 2055 3926 est
2083 3861 2299 3946 ipsum
2330 3863 2462 3945 Gap
2492 3862 2686 3929 Palos
2715 3902 2798 3909 —

473 4060 526 4127 1)
566 4058 634 4113 cf.
673 4056 994 4125 Neumann‚
1027 4075 1169 4126 pun.
1210 4057 1440 4128 Krie9e‚
1478 4058 1565 4113 ed.
1604 4056 1793 4112 Faltin
1829 4075 1882 4126 p.
1915 4061 1980 4112 57
2022 4055 2148 4112 adn.
2183 4062 2228 4112 1.

470 4149 526 4217 2)
565 4146 826 4202 Artificia
862 4164 971 4201 non
1008 4147 1289 4203 immerito
1329 4146 1566 4216 dixeriS,
1604 4147 1805 4215 quibus
1845 4164 1986 4215 eam,
2026 4163 2170 4215 quae
2209 4146 2424 4202 tradita
2461 4149 2564 4215 est,
2602 4145 2795 4203 lectio·

296 4252 420 4290 nem
447 4236 647 4293 tollere
669 4237 1005 4292 studuerunt
1022 4236 1132 4292 viri
1162 4237 1339 4294 docti:
1369 4237 1538 4291 scribi
1568 4238 1717 4292 enim
1747 4236 2030 4291 iusserunt
2061 4234 2460 4292 ‘Calathicum’
2485 4237 2575 4309 (cf.
2607 4237 2799 4307 Steph.

295 4326 420 4396 Byz.
459 4344 501 4383 s,
538 4345 591 4384 v.
632 4324 898 4395 Καλάθη)
960 4324 1231 4379 Christius
1281 4327 1421 4381 Abh.
1471 4328 1522 4381 d.
1572 4327 1725 4397 bayr.
1778 4328 1955 4382 Akad.
1995 4328 2304 4397 phil.-hist.
2354 4326 2449 4381 K‘l.
2490 4325 2594 4395 XI,
2643 4332 2799 4396 1868,

296 4431 346 4483 p.
385 4422 488 4472 154
518 4434 656 4487 sqq.‚
709 4415 1075 4470 ‘Galaticum’
1117 4414 1455 4483 MeinekiuS‚
1503 4418 1655 4472 vind.
1694 4416 1881 4472 Strab.
1920 4435 1973 4487 p.
2006 4424 2098 4487 39,
2141 4415 2567 4473 ‘Malaciticum’
2612 4417 2802 4485 Unger

301 4505 496 4563 Philoz.
546 4509 723 4577 suppl.
764 4506 840 4560 IV
877 4524 930 4576 p.
963 4513 1083 4560 234.
1159 4506 1381 4561 Erravit
1425 4505 1598 4561 etiam
1644 4506 2128 4577 MuellenhoffiuS,
2169 4506 2265 4576 qui
2303 4508 2530 4560 servata
2572 4505 2800 4574 quidem

295 4595 503 4651 tradita
532 4596 811 4666 scriptura
830 4594 1180 4651 Calacticum
1209 4597 1391 4652 sinum
1420 4613 1546 4651 eum
1577 4613 1699 4651 esse
1730 4596 1995 4667 opinatus
2026 4598 2127 4666 est,
2156 4596 2253 4664 qui
2279 4595 2410 4650 inde
2441 4612 2475 4649 a
2505 4596 2799 4651 Guadiaro

298 4684 517 4741 flumine
555 4687 627 4740 ad
662 4686 985 4755 Ber-majam
1024 4702 1197 4755 usque
1235 4685 1483 4756 pertinet
1521 4685 1611 4756 (cf.
1650 4686 1677 4739 Ι
1714 4705 1767 4756 p.
1803 4689 1944 4757 146).

2297 4774 2373 4832 6*
