3467 5334
715 376 837 445 Qua
871 379 1091 436 ratione
1130 379 1418 436 Hannonis
1454 380 1682 436 libellus
1721 398 1756 435 a
1794 380 2160 452 scriptoribus
2197 387 2496 455 usurpatus
2535 382 2628 440 sit.
2806 383 2930 448 125

431 547 619 609 notas
674 545 1090 630 rettulerunt3
1136 549 1203 609 at
1258 544 1568 632 primum,
1624 546 1945 631 quomodo
2005 568 2151 611 eum
2206 547 2378 612 haud
2424 547 2652 632 procul
2698 570 2736 612 a
2781 548 2943 612 mari

432 650 657 716 abesse
694 651 858 717 Iuba
903 654 1156 738 dixerit,
1202 654 1499 738 equidem
1544 677 1675 719 non
1721 676 2055 738 assequor3
2101 654 2364 741 accedit,
2411 637 2581 738 quod
2625 678 2707 719 ne
2753 655 2944 720 vesti-

432 758 614 845 gium
686 760 945 843 quidem
1019 761 1519 845 deprehenditur
1590 762 1770 826 fluvii
1835 762 1967 825 sive
2032 762 2365 826 meridiem
2430 762 2562 826 sive
2628 763 2942 827 orientem

430 887 652 930 versus
699 888 779 930 ex
826 888 901 930 eo
949 866 1273 931 effluentis
1318 869 1421 932 vel
1468 891 1548 932 ex
1595 869 1835 933 eisdem
1883 868 2257 956 regionibus
2295 868 2364 932 in
2401 891 2548 933 eum
2585 869 2942 956 ingredien-

431 971 544 1036 tis:
611 973 972 1037 deflectitur
1036 974 1212 1039 solus
1278 975 1405 1041 Ued
1455 976 1642 1040 Draa
1706 997 1783 1039 eo
1845 976 1989 1041 loco
2055 998 2092 1038 a
2156 975 2560 1040 meridionali
2625 999 2814 1042 cursu
2873 977 2943 1040 in

434 1079 909 1144 occidentalem.
990 1079 1217 1166 Itaque
1264 1081 1479 1146 omnia
1523 1081 1901 1169 longissime
1947 1083 2250 1147 recedunt
2297 1105 2335 1146 a
2378 1081 2577 1147 Iubae
2614 1084 2944 1166 relatione,

430 1207 640 1270 neque
696 1187 985 1273 ahoquin
1037 1188 1215 1253 lacus
1268 1189 1617 1275 reperitur,
1674 1212 1802 1275 quo
1849 1189 2080 1254 melius
2124 1189 2376 1274 possint
2434 1212 2596 1275 quae
2642 1190 2751 1254 ille
2801 1213 2941 1254 nar-

432 1292 599 1356 ravit
661 1295 961 1359 revocari.
1060 1294 1293 1360 Moneo
1350 1301 1678 1380 postremo
1692 1349 1710 1383 ,
1777 1321 2033 1362 omnem
2087 1298 2253 1362 hanc
2317 1296 2943 1384 argumentationem

436 1421 517 1463 ne
580 1401 912 1465 tantillum
974 1402 1231 1486 quidem
1285 1402 1554 1490 infringi
1610 1427 1685 1468 ea
1738 1428 1834 1489 re,
1900 1400 2072 1490 quod
2127 1427 2399 1491 magnus
2455 1405 2564 1469 ille
2620 1408 2944 1469 veterator

433 1507 575 1590 ipse
624 1506 967 1573 Caesareae
1013 1508 1082 1573 in
1131 1508 1272 1573 Iseo
1321 1503 1711 1575 crocodilum
1759 1512 2099 1597 dedicavit3
2154 1535 2345 1577 causa
2390 1535 2505 1577 cur
2548 1513 2672 1577 hoc
2718 1511 2943 1576 fecerit

429 1613 498 1677 in
542 1616 892 1700 propatulo
941 1620 1055 1680 est.

602 1720 727 1786 Sed
782 1722 1050 1787 missum
1108 1723 1417 1788 faciamus
1475 1724 1732 1811 Iubam,
1788 1725 2088 1810 protinus
2146 1730 2492 1812 pergentes
2543 1725 2624 1789 ad
2668 1724 2939 1789 Erato·

422 1829 797 1915 sthenem,
852 1831 934 1894 ad
989 1853 1180 1914 quem
1232 1855 1334 1896 me
1397 1833 1756 1898 rediturum
1804 1855 1940 1898 esse
2004 1832 2200 1897 fidem
2247 1855 2442 1917 supra
2490 1832 2650 1895 dedi.
2741 1830 2945 1896 Inser-

427 1940 568 1999 tum
632 1936 911 2023 legimus
964 1937 1233 2025 Bergeri
1300 1940 1596 2026 egregiae
1659 1940 2023 2005 collectioni
2079 1939 2723 2005 Eratosthenicorum
2778 1939 2945 2024 frag—

428 2047 793 2108 mentorum
839 2042 931 2131 (p.
972 2044 1133 2133 308)
1180 2046 1345 2110 hanc
1391 2045 1729 2112 Strabonis
1775 2047 2227 2131 narrationem,
2277 2069 2402 2130 qua
2439 2046 2688 2130 Libyae
2735 2046 2945 2131 figura

436 2150 813 2237 depingitur
857 2149 964 2239 (cf.
1015 2150 1227 2216 Strab.
1282 2152 1468 2218 XVII
1507 2156 1566 2238 3,
1609 2144 1756 2237 l‘p.
1796 2155 1925 2218 825
1957 2150 2062 2241 C):
2137 2153 2323 2218 ’Ἐστι
2376 2151 2449 2219 δὲ
2515 2153 2942 2236 ὀρθογωνίου

434 2260 766 2343 τριγώνου
828 2261 902 2322 τὸ
972 2270 1220 2344 σχῆμα,
1286 2263 1374 2338 ὡς
1429 2264 1512 2326 ἄν
1559 2286 1657 2338 τις
1722 2261 1795 2327 ἐν
1854 2259 2139 2348 ἐπιπέδῳ,
2204 2264 2496 2344 νοήσειε,
2562 2261 2759 2342 βάσιν
2823 2254 2946 2341 μὲν

431 2368 585 2449 ἒχον
637 2368 760 2449 τὴν
815 2363 968 2431 καθ’
1033 2366 1203 2451 ἡμᾶς
1256 2374 1587 2450 παραλίαν
1635 2371 1755 2452 τὴν
1804 2368 1930 2432 ἀπὸ
1977 2377 2093 2451 τῆς
2140 2369 2480 2453 Αἰγύπτου
2528 2364 2638 2431 καὶ
2685 2368 2943 2429 Νείλου

428 2477 617 2557 μέχρι
659 2477 1106 2559 Μαυρουσίοις
1151 2471 1260 2538 καὶ
1296 2478 1599 2557 Στηλῶν,
1648 2476 1815 2561 πρὸς
1861 2475 2074 2559 ὀρθὰς
2122 2470 2195 2538 δὲ
2241 2476 2445 2558 ταύτῃ
2493 2472 2810 2557 πλευράν,
2856 2472 2942 2555 ἣν

427 2580 463 2646 ὁ
537 2582 782 2657 Νεῖλος
863 2592 1045 2646 ποιεῖ
1102 2580 1292 2667 μέχρι
1356 2579 1762 2666 Αἰθιοπίας,
1833 2583 2470 2664 προσεκβαλλόντων
2551 2579 2739 2664 ἡμῶν
2820 2578 2943 2655 ἕως

423 2684 764 2772 Ὠκεανοῦ,
810 2690 932 2771 τὴν
981 2682 1041 2751 δ’
1096 2688 1581 2753 ὑποτείνουσαν
1626 2698 1704 2770 τῇ
1753 2692 1928 2773 ὀρθῇ
1976 2689 2100 2770 τὴν
2147 2696 2630 2770 παρωκεανῖτιν
2678 2686 2941 2751 ἅπασαν

427 2797 547 2878 τὴν
603 2795 846 2880 μεταξὺ
903 2795 1259 2859 Αἰθιόπων
1314 2791 1425 2858 καὶ
1479 2797 1971 2880 Μαυρουσίων·
2035 2797 2110 2859 τὸ
2168 2791 2290 2878 μὲν
2347 2787 2471 2859 οὖν
2529 2790 2663 2857 κατ’
2732 2792 2941 2876 αὐτὴν

429 2903 550 2985 τὴν
596 2903 900 2988 κορυφὴν
946 2910 1065 2966 τοῦ
1112 2900 1468 2986 λεχθέντος
1513 2904 1842 2985 σχήματος
1888 2902 2017 2984 ἤδη
2065 2923 2205 2977 πως
2250 2900 2626 2965 ὑποπίπτον
2671 2910 2750 2985 τῇ
2800 2902 2941 2965 διαο

427 3008 825 3096 κεκαυμένῃ,
882 3007 1162 3093 λέγομεν
1219 3006 1283 3087 ἐξ
1341 3010 1657 3093 εἰκασμοῦ
1715 3009 1825 3071 διὰ
1876 3010 1950 3073 τὸ
1997 3006 2390 3091 ἀπρόσιτον,
2452 3004 2602 3072 ὥστ’
2661 3004 2818 3072 οὐδὲ
2866 3009 2940 3072 τὸ

429 3116 741 3201 μέγιστον
785 3116 1031 3192 πλάτος
1075 3124 1189 3199 τῆς
1233 3115 1451 3201 χώρας
1497 3118 1760 3200 ἔχοιμεν
1808 3113 1891 3179 ἂν
1938 3114 2181 3197 λέγειν·
2230 3115 2304 3179 τὸ
2352 3114 2578 3198 μέντοι
2616 3125 2939 3185 τοσοῦτον

434 3223 507 3289 ἐν
544 3236 682 3301 τοῖς
719 3227 1021 3309 πρόσθεν
1060 3226 1284 3306 λόγοις
1322 3225 1597 3308 ἔφαμεν,
1645 3223 1748 3287 ὅτι
1785 3221 1850 3299 ἐξ
1884 3218 2381 3306 Ἀλεξανδρείας
2420 3224 2513 3298 εἰς
2551 3226 2831 3307 Μερόην
2868 3225 2942 3287 τὸ

430 3333 770 3414 βασίλειον
806 3341 941 3395 τῶν
968 3332 1300 3395 Αἰθόπων
1337 3330 1504 3414 πρὸς
1539 3332 1740 3395 νότον
1781 3330 1951 3393 ἰόντι
1990 3327 2257 3393 στάδιοί
2289 3329 2417 3392 εἰσι
2454 3326 2604 3411 περὶ
2634 3332 2937 3414 μυρίους,

430 3436 691 3503 ἐκεῖθεν
748 3434 807 3502 δ’
864 3435 960 3502 ἐπ’
1017 3437 1286 3512 εὐθείας
1339 3434 1445 3500 ἐπὶ
1491 3438 1648 3512 τοὺς
1694 3434 1895 3520 ὅρους
1943 3444 2057 3518 τῆς
2104 3434 2624 3519 διακεκαυμένης
2669 3434 2777 3501 καὶ
2816 3445 2941 3520 ,τῆς

431 3543 825 3629 οἰκουμένης
888 3547 1076 3609 ἄλλοι
1142 3548 1522 3630 τρισχίλιοι·
1587 3546 1661 3608 τὸ
1727 3551 1897 3626 γοῦν
1963 3540 2123 3606 αὐτὸ
2189 3541 2428 3606 θετέον
2491 3544 2565 3607 τὸ
2627 3542 2942 3626 μέγιστον

430 3649 676 3726 πλάτος
722 3659 835 3732 τῆς
873 3651 1150 3735 Λιβύης,
1198 3654 1479 3736 μυρίους
1517 3648 1625 3715 καὶ
1672 3652 2079 3734 τρισχιλίους
2117 3650 2157 3732 ἢ
2196 3653 2754 3735 τετρακισχιλίους
2792 3668 2942 3717 στα-

432 3759 651 3841 δίους,
707 3766 913 3842 μῆκος
966 3754 1039 3822 δὲ
1086 3767 1298 3845 μικρῷ
1346 3761 1618 3822 ἔλαττον
1666 3757 1705 3840 ἢ
1757 3757 2129 3821 διπλάσιον.
2221 3755 2311 3819 Et
2356 3755 2606 3839 optimo
2653 3757 2792 3822 iure
2839 3759 2942 3823 ad-

432 3868 805 3929 numeratur
851 3866 991 3928 tota
1027 3863 1185 3928 haec
1224 3862 1571 3948 descriptio
1608 3863 2063 3927 Eratosthenis
2100 3862 2417 3947 reliquiis3
2462 3862 2941 3930 Eratosthenici

433 3969 606 4035 enim
678 3975 829 4035 sunt
904 3976 968 4036 et
1036 3970 1463 4058 longitudinis
1529 3975 1594 4034 et
1656 3968 2020 4034 latitudinis
2084 3969 2351 4033 numeri.
2462 3968 2727 4035 Habent
2789 3994 2940 4036 vero

430 4078 612 4163 ipsae
666 4099 768 4143 res
776 4128 795 4162 ,
849 4077 939 4143 in·
975 4079 1212 4163 quibus
1267 4099 1662 4165 magnopere
1717 4077 2007 4141 haereas:
2062 4099 2213 4140 nam
2260 4080 2334 4140 ut
2381 4077 2825 4162 concedamus,
2882 4078 2941 4142 ei

433 4208 581 4251 orae
629 4208 793 4271 quae
837 4185 1031 4250 nobis
1078 4186 1349 4250 obversa
1395 4189 1494 4249 est
1540 4184 1622 4249 ab
1661 4184 1971 4271 Aegypto
2010 4206 2214 4268 usque
2253 4184 2333 4248 ad
2370 4184 2668 4248 Herculis
2706 4187 2939 4250 colum-

429 4317 547 4359 nas
602 4294 684 4358 ad
738 4298 988 4358 rectum
1042 4291 1354 4379 angulum
1408 4292 1672 4379 adiungi
1727 4291 1795 4355 id
1849 4290 2022 4356 latus
2041 4341 2058 4375 ,
2126 4292 2296 4374 quod
2351 4314 2389 4354 a
2442 4290 2581 4356 Nili
2637 4291 2803 4356 ostio
2860 4292 2940 4355 ad

432 4390 851 4486 Aethiopiam
919 4399 1272 4484 pertineat,
1338 4401 1658 4487 quomodo
1724 4400 1985 4465 tandem
2049 4399 2433 4463 contendere
2498 4398 2718 4482 potuit
2785 4399 2940 4465 Era-

433 4509 767 4574 tosthenes
783 4559 801 4593 ,
884 4511 1061 4572 recto
1134 4506 1373 4592 angulo
1448 4508 1826 4571 subtensam
1902 4529 2076 4570 esse·
2116 4528 2255 4569 eam
2329 4527 2506 4569 oram
2525 4555 2542 4588 ,
2626 4528 2789 4588 quae
2861 4507 2942 4570 ad

434 4637 744 4680 oceanum
807 4614 1012 4679 iaceat
1084 4614 1177 4679 ita
1195 4664 1213 4698 ,
1287 4617 1363 4678 ut
1424 4613 1874 4701 rectangulum
1941 4613 2185 4679 oriatur
2203 4614 2236 4677 Ῥ
2300 4612 2546 4677 Debuit
2612 4612 2940 4680 occiduam
