3467 5334
1242 415 1326 475 De
1361 416 1652 476 Hannonis
1688 421 1810 477 vita
1847 421 1907 475 et
1944 423 2151 476 aetate.
2867 421 2954 488 95

446 580 1062 650 commendabantur
1112 584 1228 649 tali
1278 583 1533 670 qualem
1579 582 1821 650 Graeca
1864 587 2087 650 nostra
2131 582 2432 672 reddunt,
2478 584 2545 651 in
2593 584 2831 671 quibus
2877 584 2954 651 de

446 692 843 757 commerciis
905 715 987 756 ne
1050 692 1321 757 verbum
1386 693 1646 777 quidem
1709 697 1887 757 extat
1951 697 2016 757 et
2082 694 2477 759 coloniarum
2529 694 2638 759 vix
2691 695 2954 759 nomina

444 804 879 885 apponuntur,
916 800 1199 884 plurima
1234 805 1452 865 autem
1490 804 1641 865 sunt
1679 800 1846 865 circa
1882 801 2207 865 mirabilia
2244 801 2621 886 itinerisque
2649 801 2952 886 pericula,

448 929 610 991 quae
659 907 1053 972 deterrerent
1100 908 1321 992 potius
1368 908 1577 972 simile
1626 907 1783 992 quid
1828 931 2096 974 ausuros
2144 932 2337 993 quam
2376 909 2750 993 excitarent,
2796 909 2951 974 adeo

443 1018 518 1079 ut
582 1037 661 1078 ex
726 1038 800 1080 eo
866 1015 1010 1100 ipso
1077 1015 1344 1081 consilio
1399 1016 1738 1081 videantur
1792 1038 1981 1080 suum
2034 1015 2308 1080 traxisse
2365 1016 2686 1080 colorem'.
2788 1016 2955 1094 Quid

444 1143 594 1186 vero
639 1120 973 1206 Berlioux,
1021 1145 1213 1208 quem
1260 1122 1383 1187 ioci
1430 1145 1621 1187 causa
1667 1122 1911 1187 affero?
2001 1121 2077 1186 In
2124 1122 2466 1188 cachinnos
2513 1123 2685 1187 enim
2732 1145 2954 1187 omnes

442 1229 734 1313 profecto
792 1230 1200 1294 effundentur
1256 1230 1366 1315 qui
1412 1231 1570 1295 haec
1616 1230 1753 1295 eius
1799 1231 1999 1294 verba
2044 1229 2408 1316 perlegent:
2455 1230 2600 1294 ‘Les
2646 1230 2953 1295 relations

443 1341 590 1402 sont
652 1337 956 1420 remplies
1021 1338 1439 1403 d'obscurites
1503 1337 2014 1422 primitivement
2077 1338 2346 1402 voulues
2410 1341 2474 1401 et
2538 1337 2855 1402 destinees
2915 1341 2953 1400 a

444 1443 669 1508 cacher
722 1444 783 1507 16
840 1449 1044 1509 secret
1100 1446 1186 1509 du
1241 1468 1593 1510 commerce
1649 1445 1919 1510 africain
1972 1443 2066 1533 (p.
2106 1442 2195 1532 6).
2290 1444 2458 1510 C’est
2503 1468 2591 1510 un
2636 1444 2951 1509 veritable

444 1551 690 1615 modele
749 1552 826 1614 de
881 1551 1199 1617 reticence
1256 1557 1320 1617 et
1378 1553 1764 1618 d'obscurite
1821 1552 2222 1617 dissimulees
2279 1574 2431 1616 sous
2480 1576 2605 1617 une
2653 1552 2953 1616 sincerite

447 1662 799 1742 apparente
847 1659 939 1747 (p.
982 1657 1067 1746 7).
1149 1659 1206 1724 Il
1251 1660 1542 1744 rappelle
1587 1661 1682 1725 les
1727 1661 1922 1725 livres
1967 1660 2364 1744 hieratiques
2413 1660 2489 1723 de
2526 1660 2797 1743 l'Orient
2846 1659 2957 1744 qui

442 1769 778 1829 racontent
825 1766 936 1830 des
981 1770 1295 1850 mysteres
1347 1766 1773 1854 intelligibles
1819 1767 2125 1851 poursles
2172 1768 2343 1832 seuls
2389 1767 2632 1831 inities'
2679 1765 2770 1853 (p.
2812 1764 2956 1854 21)!

444 1871 652 1948 Quid?
742 1872 975 1938 Nonne
1032 1875 1239 1939 multo
1295 1875 1653 1960 simplicius
1704 1898 1934 1941 arcana
1981 1879 2341 1940 servassent
2389 1874 2955 1961 Carthaginienses

447 2003 607 2064 quae
662 1980 995 2045 habebant
1047 1982 1124 2045 de
1173 1982 1434 2047 occidua
1479 1983 1726 2067 Libyae
1775 2006 1912 2068 ora,
1968 1983 2023 2048 si
2069 1983 2337 2047 titulum
2384 1982 2645 2048 omnino
2693 1981 2957 2066 publice

443 2110 575 2152 non
637 2089 1129 2173 proposuissent
1142 2088 1239 2176 1)?
1338 2089 1542 2155 Immo
1600 2090 1656 2154 si
1710 2094 1924 2155 totum
1978 2094 2466 2155 monumentum
2521 2090 2735 2154 animo
2793 2112 2957 2154 com—

446 2195 790 2279 plectimur
807 2247 825 2281 ,
900 2197 1244 2262 admodum
1317 2197 1482 2262 sicca
1556 2202 1621 2262 et
1693 2197 1909 2261 ieiuna
1983 2197 2272 2262 oratione
2337 2197 2768 2282 compositum
2834 2201 2960 2282 est3

446 2303 669 2386 paucis
715 2326 817 2368 res
866 2304 1123 2390 egregie
1170 2310 1389 2391 gestae
1438 2310 1834 2390 enarrantur,
1879 2328 1997 2370 nec
2043 2327 2314 2390 usquam
2351 2306 2630 2370 violatur
2665 2304 2959 2368 veritatis

446 2410 630 2494 fides3
677 2410 896 2494 itaque
945 2415 1009 2475 et
1055 2434 1158 2475 res
1204 2416 1269 2482 et
1316 2412 1507 2477 stilus
1553 2414 1719 2478 bene
1767 2414 2156 2479 conveniunt
2204 2436 2350 2478 cum
2397 2436 2471 2478 ea
2513 2410 2958 2496 explicatione,

444 2540 637 2602 quam
692 2541 890 2603 supra
934 2517 1255 2583 Iustinum
1311 2524 1568 2584 secutus
1613 2521 1955 2606 proposui3
2008 2524 2352 2605 postquam
2400 2519 2469 2583 in
2515 2518 2728 2602 capite
2775 2539 2954 2601 prae-

443 2626 685 2710 scripta
768 2631 920 2690 sunt
1004 2648 1168 2710 quae
1255 2627 1335 2690 ad
1409 2628 1745 2712 sequentia
1821 2608 2256 2713 intellegenda
2336 2626 2696 2691 necessaria
2778 2629 2960 2688 erant

441 2733 924 2819 subiunguntur
988 2756 1151 2818 quae
1211 2733 1445 2799 Hanno
1510 2735 1851 2799 rettulerat
1917 2734 2196 2818 senatui,
2261 2755 2406 2798 cum
2469 2734 2576 2798 hic
2638 2733 2955 2797 rationem

439 2839 691 2904 itineris
745 2841 829 2904 ab
888 2863 963 2905 eo
1017 2846 1434 2925 resposceret.
1533 2836 1810 2907 Videtur
1866 2845 2083 2906 autem
2138 2843 2269 2906 dux
2326 2839 2957 2927 Carthaginiensium

440 2948 672 3012 merito
730 2948 936 3012 elatus
993 2947 1241 3032 optimo
1290 2948 1720 3033 expeditionis
1769 2971 2063 3015 successu
2109 2949 2321 3033 ipsam
2365 2948 2531 3012 hanc
2576 2946 2956 3011 relationem

443 3055 737 3139 posuisse
786 3055 979 3119 etiam
1027 3055 1095 3119 in
1142 3056 1401 3121 Saturni
1451 3057 1736 3123 delubro.

622 3162 929 3227 Effecisse
985 3163 1146 3228 mihi
1199 3165 1371 3248 quod
1415 3165 1714 3229 volebam
1760 3165 2009 3248 videor,
2063 3168 2137 3228 ut
2182 3164 2521 3229 Hannonis
2567 3163 2692 3228 iter
2739 3163 2956 3226 decem

444 3269 576 3336 illis
628 3271 731 3336 vel
786 3270 1151 3355 quindecim
1205 3272 1389 3336 annis
1434 3272 1888 3337 vindicandum
1935 3294 2072 3336 esse
2123 3272 2495 3355 probarem:
2550 3269 2956 3353 relinquitur,

445 3382 519 3443 ut
572 3378 795 3463 paucis
850 3379 1182 3444 absolvam
1230 3403 1391 3464 quae
1439 3403 1605 3444 unus
1652 3380 1893 3444 alterve
1940 3378 2180 3443 obiecit
2226 3379 2330 3443 vel
2377 3377 2619 3442 obiciat
2664 3377 2954 3441 fortasse.

443 3485 662 3570 Atque
708 3486 992 3570 primum
1040 3488 1300 3572 quidem
1346 3489 1518 3572 quod
1555 3487 1945 3553 Brandesius
1983 3485 2052 3575 (l.
2090 3488 2131 3551 1.
2179 3510 2241 3571 p.
2282 3484 2397 3573 63)
2443 3485 2509 3549 id
2548 3505 2954 3568 summopere

444 3594 680 3680 pressit
735 3595 804 3659 in
857 3594 1165 3659 Hecataei
1219 3596 1458 3661 Milesii
1513 3581 1808 3682 reliquiis
1862 3584 2111 3660 laudari
2177 3594 2499 3660 Melittam
2572 3594 2802 3658 urbem
2848 3591 2956 3680 (cf.

442 3702 521 3766 fr.
550 3704 677 3767 327
700 3702 784 3767 Μ.
851 3701 1073 3787 Steph.
1110 3702 1266 3788 Byz.
1296 3728 1342 3769 s.
1371 3702 1478 3792 v.),
1515 3727 1782 3789 possum
1820 3725 1922 3769 me
1961 3704 2054 3768 ita
2093 3701 2447 3785 defendere,
2493 3704 2566 3764 ut
2603 3700 2765 3765 iHud
2803 3721 2954 3783 quo-

446 3831 570 3892 que
620 3832 841 3874 eorum
886 3810 1398 3899 fragmentorum
1445 3833 1712 3876 numero
1762 3792 2059 3895 inseram,
2109 3831 2270 3893 quae
2309 3808 2684 3874 recentioris
2723 3809 2955 3873 aetatis

445 3916 763 4004 originem
817 3923 1038 4002 aperte
1093 3941 1248 4003 prae
1305 3942 1372 3984 se
1427 3919 1664 4005 ferant3
1717 3941 1871 3982 nam
1926 3940 2072 3982 cum
2126 3916 2254 4001 ipsi
2300 3916 2430 3982 iam
2476 3920 2726 3982 veteres
2774 3915 2955 3981 dubi·
2992 3964 3012 3984 .

443 4028 691 4091 tassent
708 4074 726 4109 ‚
808 4030 1026 4091 utrum
1110 4049 1272 4111 quae
1345 4026 1652 4092 Hecataei
1724 4025 1962 4089 Milesii
2042 4024 2302 4089 nomine
2384 4023 2956 4090 circumferebatur

445 4131 798 4219 periegesis
851 4132 1131 4219 genuina
1187 4140 1355 4201 esset
1407 4157 1608 4200 necne
1664 4133 1772 4222 (cf.
1832 4131 2076 4197 Gallim.
2134 4154 2235 4216 ap.
2291 4130 2527 4197 Athen.
2583 4131 2649 4196 II
2703 4156 2764 4215 p.
2804 4134 2951 4196 270.

445 4240 521 4303 fr.
577 4239 702 4305 172
721 4239 815 4324 M3
881 4245 1105 4306 contra
1168 4242 1245 4306 cf.
1310 4243 1488 4308 Erat.
1555 4265 1655 4326 ap.
1722 4240 1846 4306 Str.
1910 4238 1945 4304 Ι
1994 4242 2050 4323 1,
2092 4241 2170 4304 11
2228 4263 2291 4323 p.
2333 4237 2503 4325 70),
2565 4238 2954 4303 recentiores

442 4346 737 4411 historici
785 4351 849 4411 et
896 4348 1255 4435 geographi
1306 4348 1413 4414 hic
1458 4348 1592 4413 illic
1639 4347 1708 4411 in
1756 4345 1894 4411 eius
1939 4345 2324 4432 fragmentis
2368 4345 2789 4430 offenderunt,
2834 4366 2952 4410 nec

446 4454 558 4538 qui
609 4454 979 4539 nuperrime
1036 4456 1113 4520 de
1168 4457 1290 4521 hac
1346 4454 1720 4539 quaestione
1776 4452 1997 4517 multis
2053 4452 2394 4539 sagaciter,
2449 4457 2522 4517 ut
2569 4453 2760 4536 solet,
2817 4453 2952 4539 egit

624 4690 677 4757 1)
716 4685 785 4743 cf.
825 4685 1015 4741 Osann
1051 4706 1106 4756 p.
1138 4692 1258 4745 540.
