3467 5334
593 392 677 475 82
1702 402 1886 480 Caput
1919 404 1988 465 11.

596 573 1286 663 Carthaginiensesque
1343 596 1509 639 anno
1558 574 1687 640 509
1744 572 1947 638 ictum
2003 595 2140 638 esse
2185 571 2500 658 Polybius
2547 569 2672 662 (HI
2709 570 2825 660 22)
2883 573 3107 637 auctor

598 688 696 748 est
750 683 1295 768 locupletissimus
1319 679 1387 769 1).
1478 681 1703 766 Usque
1769 681 1850 745 ad
1913 681 2197 746 medium
2260 682 2393 745 fere
2460 686 2716 746 sextum
2782 679 3108 745 saeculum

592 790 1155 877 Carthaginienses
1208 788 1458 855 Iberica
1512 788 1890 874 paeninsula
1952 788 2148 874 potiti
2201 811 2334 854 non
2387 789 2517 853 iam
2573 792 2781 872 erant,
2851 810 3105 852 verum—

590 898 915 963 enimvero
997 897 1273 963 florebat
1357 895 1454 960 ibi
1527 896 1976 961 Tartessorum
2058 918 2332 982 regnum
2405 919 2443 959 a
2517 895 2775 961 Graecis
2851 917 3108 980 quoque

588 1006 866 1091 petitum
917 1005 1258 1070 itineribus
1305 1003 1412 1092 (cf.
1460 1003 1696 1068 Herod.
1734 1002 1830 1069 IV
1871 1000 2056 1089 152);
2104 1025 2183 1067 ex
2232 1025 2378 1087 quo,
2425 1006 2498 1066 ut
2543 1003 2667 1068 hoc
2714 1002 2783 1067 in
2828 1001 3107 1067 transitu

589 1135 916 1197 moneam,
980 1112 1167 1177 facile
1233 1111 1663 1197 intellegitur,
1728 1109 1841 1194 qui
1904 1109 2362 1174 vetustissimis
2427 1133 2650 1176 eorum
2715 1109 3107 1197 geographis

589 1219 1068 1285 accuratissima
1124 1219 1424 1284 occiduae
1480 1218 1675 1282 huius
1732 1217 2020 1304 regionis
2075 1217 2579 1303 suppeditaverit
2632 1217 2898 1302 notitia,
2955 1217 3107 1282 duo-

590 1328 714 1392 bus
771 1327 1076 1410 maxime,
1145 1326 1468 1391 Hecataeo
1525 1325 1781 1390 Milesio
1848 1329 2041 1410 atque
2100 1326 2237 1390 eius
2289 1324 2526 1409 peripli
2584 1325 2857 1410 auctori,
2915 1346 3106 1408 quem

589 1434 879 1500 Avienus
927 1434 996 1498 in
1042 1434 1170 1499 Ora
1215 1433 1541 1499 maritima
1580 1434 1944 1498 consuenda
1979 1433 2390 1517 potissimum
2429 1431 2746 1516 expressit
2757 1429 2827 1518 2).
2912 1430 3105 1494 Pede-

589 1542 893 1628 temptim
947 1565 1098 1607 vero
1157 1544 1340 1606 sexto
1397 1542 1650 1606 saeculo
1708 1544 1984 1605 exeunte
2033 1539 2600 1626 Carthaginienses
2657 1561 2803 1603 cum
2847 1537 3107 1622 imperii

587 1651 749 1714 fines
795 1653 1252 1736 propagarent,
1295 1647 1577 1712 Iberiam
1625 1671 1881 1732 quoque
1929 1651 1994 1711 et
2041 1648 2498 1733 expugnabant
2547 1650 2611 1711 et
2648 1645 2860 1710 valido
2897 1647 3107 1710 firma-

592 1758 751 1822 bant
806 1757 1155 1842 praesidio,
1210 1779 1419 1840 neque
1475 1755 1752 1841 amplius
1808 1755 1937 1820 iam
1992 1755 2136 1819 aliis
2182 1754 2558 1819 nationibus
2606 1753 2819 1817 aditus
2866 1753 2946 1816 ad
2989 1752 3109 1816 has

589 1869 793 1929 terras
848 1865 1120 1949 patebat
1185 1861 1293 1950 (cf.
1351 1862 1557 1927 Strab.
1613 1861 1799 1927 XVII
1849 1865 1915 1945 1,
1966 1864 2045 1927 19
2103 1885 2166 1946 Ρ.
2216 1863 2345 1927 802
2369 1861 2476 1948 C):
2543 1884 2705 1946 quae
2768 1860 3107 1944 occupatio

589 1976 729 2037 rata
783 1972 954 2036 facta
1010 1974 1108 2036 est
1164 1973 1231 2034 et
1285 1970 1530 2035 sancita
1584 1962 1841 2034 foedere
1897 1968 2011 2032 illo
2069 1992 2122 2033 a.
2169 1969 2298 2034 509
2358 1991 2505 2033 cum
2557 1967 2868 2033 Romanis
2924 1967 3105 2031 inito,

592 2079 893 2145 Ceterum
957 2079 1336 2164 priusquam
1400 2078 1781 2165 progrediar
1839 2077 1959 2141 hac
2015 2078 2163 2141 data
2219 2077 2551 2142 occasione
2607 2077 2688 2140 ad
2740 2074 3107 2160 pactionem

589 2187 769 2252 illam
824 2191 995 2252 recte
1053 2187 1604 2272 interpretandam
1657 2184 2009 2250 frustulum
2065 2183 2453 2249 contulerim
2503 2207 2578 2248 ea
2631 2186 2848 2248 motus
2898 2205 3108 2267 causa,

595 2294 746 2378 quia
790 2294 1198 2378 Meltzerum,
1252 2295 1723 2379 κριτικώτατον
1782 2291 2070 2376 alioquin
2124 2291 2334 2357 virum
2390 2295 2454 2355 et
2501 2289 3015 2378 sagacissimum,
3071 2312 3109 2352 a

589 2407 765 2467 recta
828 2402 933 2466 via
996 2401 1191 2488 longe
1258 2402 1588 2465 aberrasse
1652 2399 1875 2484 video,
1943 2421 2090 2463 cum
2154 2402 2302 2462 ante
2366 2398 2487 2464 hos
2551 2420 2791 2483 paucos
2856 2420 3108 2462 menses

592 2508 1201 2575 commentationem
1257 2508 1334 2571 de
1391 2506 1693 2592 ‘pulchro
1751 2504 2237 2590 promunturio'
2303 2505 2736 2589 conscriptam
2795 2505 3107 2570 insereret

591 2618 652 2682 ei
713 2616 1053 2701 volumini,
1120 2616 1292 2699 quod
1355 2615 1424 2678 in
1480 2612 1878 2679 Fleckeiseni
1937 2613 2250 2677 honorem
2314 2635 2481 2678 anno
2541 2614 2713 2678 1890
2769 2612 3107 2676 ediderunt

590 2724 911 2811 philologi
957 2723 1353 2789 Dresdenses
1410 2720 1502 2806 (p.
1541 2723 1669 2787 259
1693 2717 1863 2807 sqq).
1953 2720 2374 2804 Disceptatur
2429 2720 2599 2784 inter
2651 2716 3108 2805 philologos³)‚

591 2836 810 2896 utrum
837 2809 1216 2896 ⁸Pulchrum
1270 2829 1818 2915 promunturium,
1877 2828 2049 2913 quod
2093 2827 2370 2891 Romani
2424 2826 2701 2891 navibus
2754 2827 3107 2911 praeterire

588 2942 915 3024 vetantur,
980 2938 1064 3003 sit
1111 2938 1496 3002 hodiernum
1553 2938 1687 3002 Ras
1735 2936 1878 3003 Sidi
1929 2937 2046 3001 Ali
2091 2936 2144 3000 el
2200 2936 2413 2999 Mekki
2458 2957 2540 2998 an
2585 2934 3107 3019 promunturium

589 3047 772 3112 Bon:
820 3045 1064 3110 scilicet
1112 3045 1180 3108 in
1227 3067 1508 3110 errorem
1554 3044 1947 3108 inducuntur
1990 3042 2250 3126 Polybii
2297 3042 2501 3126 ipsius
2543 3065 2743 3126 prava
2782 3041 3108 3126 opinione,

591 3153 702 3238 qui
747 3152 836 3217 lIl
873 3155 958 3219 23
1006 3151 1347 3217 falsissime
1395 3153 1483 3217 Τὸ
1532 3149 1654 3237 μὲν
1702 3146 1827 3217 οὗν
1875 3152 2107 3215 Καλὸν
2154 3149 2564 3235 ἀκρωτήριόν
2613 3149 2814 3232 ἐστιν,
2862 3147 3106 3234 inquit,

771 3424 825 3509 1)
875 3419 1038 3487 Quod
1083 3419 1281 3475 foedus
1331 3419 1380 3474 si
1425 3433 1542 3475 non
1580 3416 1654 3475 ad
1693 3434 1900 3474 annum
1938 3424 2073 3484 509,
2121 3418 2374 3473 attamen
2411 3416 2485 3471 ad
2523 3417 2668 3472 hane
2704 3415 2823 3471 fere
2862 3414 3109 3471 aetatem

591 3510 947 3566 referendum
1006 3528 1127 3566 esse
1183 3508 1326 3564 mihi
1381 3509 1666 3579 persuasit
1718 3508 1993 3563 Nissenus
2050 3507 2142 3576 (cf.
2201 3506 2470 3562 Fleckeis.
2527 3523 2659 3562 ann.
2715 3523 2768 3561 v.
2808 3512 2892 3575 97,
2953 3511 3108 3574 1867,

592 3621 647 3672 p.
680 3608 781 3656 321
806 3606 976 3669 sqq),
1013 3599 1351 3654 Mommseni
1389 3600 1752 3669 sententiam,
1803 3597 1901 3668 qui
1936 3597 2176 3669 primam
2210 3595 2373 3651 illam
2408 3613 2606 3665 pacem
2645 3596 2719 3650 ad
2756 3612 2963 3651 annum
3001 3600 3106 3650 348
3205 3617 3212 3623 ·

592 3691 817 3746 detrudi
852 3690 1034 3745 voluit
1069 3689 1161 3761 (cf.
1191 3695 1325 3744 ro‘m.
1358 3689 1753 3760 Chronoloyie²
1788 3707 1842 3759 p.
1875 3689 2146 3758 320-25)
2185 3686 2452 3761 acerrime
2479 3684 2835 3757 impugnans.
2904 3683 3108 3739 Omnia

590 3781 700 3834 huc
746 3780 1064 3850 spectantia
1110 3779 1413 3848 diligenter
1456 3778 1740 3850 congessit
1777 3778 2021 3848 Wende‚
2078 3765 2223 3832 U'ber
2258 3779 2348 3833 die
2383 3777 2647 3832 zwischen
2681 3776 2824 3830 Rom
2860 3793 2915 3830 u.
2954 3775 3106 3829 Kar·

591 3871 755 3941 thayo
790 3886 889 3925 vor
916 3852 1209 3925 Ausbr‘uch
1245 3869 1337 3925 des
1373 3877 1421 3925 1.
1445 3888 1586 3940 pun.
1619 3870 1823 3942 Krieys
1850 3869 2110 3940 abyeschl.
2141 3866 2669 3935 Handelsvertrc‘iqe:
2706 3881 2899 3934 progr.
2927 3861 3106 3917 Bonn.

596 3963 762 4025 18763
800 3958 868 4014 cf.
906 3958 1168 4027 Meltzer,
1207 3959 1245 4014 l.
1275 3958 1311 4014 l.
1351 3977 1404 4028 p.
1438 3963 1538 4012 172
1563 3976 1642 4027 sq.
1682 3965 1786 4013 487
1809 3977 1889 4027 sq.

774 4051 828 4119 2)
888 4048 1040 4114 Quae
1089 4049 1158 4103 de
1210 4048 1411 4102 Avieni
1458 4048 1569 4103 Ora
1619 4048 1907 4104 maritima
1953 4046 2332 4117 exposuerunt
2374 4042 2826 4099 Muellenhoffius
2873 4042 2933 4099 in
2978 4043 3107 4098 illu·

598 4136 862 4193 strissimi
917 4137 1069 4193 illius
1124 4137 1256 4192 libri
1307 4138 1528 4209 saepius
1584 4137 1806 4192 laudati
1865 4136 2152 4191 volumine
2206 4133 2388 4204 primo
2443 4137 2519 4204 (p.
2570 4140 2637 4190 73
2657 4139 2800 4203 sqq.)
2857 4135 2916 4189 et
2971 4133 3106 4188 Gut-

600 4228 933 4299 schmidius‚
991 4246 1115 4282 cum
1177 4228 1345 4283 huius
1398 4227 1580 4297 operis
1629 4243 1919 4281 censuram
1968 4225 2237 4279 scriberet
2280 4224 2372 4294 (cf.
2421 4225 2555 4278 Litt.
2609 4222 2899 4278 Gentralbl.
2953 4228 3106 4277 1871.

593 4339 646 4389 p.
679 4325 782 4374 523
805 4321 937 4389 sq.),
985 4318 1069 4373 ita
1114 4324 1442 4388 comparata
1486 4318 1641 4384 sunt,
1687 4316 1754 4370 ut
1791 4331 1933 4383 quae
1977 4316 2173 4368 contra
2220 4313 2649 4382 disputaverunt
2684 4313 2874 4382 Unger
2908 4313 3108 4368 Philol.

591 4410 770 4478 suppl.
801 4408 879 4462 IV
915 4426 971 4478 p.
1007 4413 1107 4462 191
1131 4426 1250 4477 sqq.
1292 4409 1350 4462 et
1387 4407 1601 4475 Sonny,
1643 4406 1708 4461 de
1744 4405 1904 4460 rebus
1936 4404 2377 4459 Massiliensium
2420 4419 2503 4471 cp.
2534 4401 2586 4455 H
2622 4418 2738 4456 non
2772 4401 3107 4471 impediant,

594 4498 892 4567 quominus
931 4514 1001 4553 ea
1037 4497 1459 4567 amplectamur.

773 4591 829 4659 3)
875 4587 945 4644 cf.
995 4587 1207 4656 Tissot,
1262 4588 1444 4657 ye'oqr.
1492 4602 1659 4656 comp.
1706 4586 1774 4641 de
1829 4586 1887 4640 la
1931 4601 2092 4656 prov.
2139 4584 2294 4639 Rom.
2344 4583 2643 4652 &Afrique
2686 4581 2712 4633 J
2757 4597 2811 4650 p.
2855 4586 2956 4637 156
2986 4598 3107 4649 sqq.

594 4684 699 4732 548
731 4695 852 4746 sqq.
929 4676 1112 4732 Ruehl
1158 4662 1503 4733 Fleckeiseni
1539 4678 1729 4732 annal.
1772 4681 1926 4731 1888.
1964 4694 2019 4745 p.
2049 4679 2312 4730 348—50.
