3467 5334
575 423 703 488 120
1674 421 1858 490 Caput
1893 419 1987 475 111.

574 590 757 651 erant
785 584 1146 672 geographi
1176 579 1494 671 germani3
1519 583 1592 648 hi
1621 582 1825 669 igitur
1853 583 1991 648 iure
2020 583 2251 648 merito
2283 605 2539 649 omnem
2564 582 2655 648 eis
2682 584 2874 648 fidem
2904 583 3089 650 dene-

567 697 827 781 garunt,
875 715 1021 757 cum
1066 713 1474 775 summopere
1523 690 1868 755 dolendum
1910 689 2014 775 sit,
2062 690 2234 775 quod
2273 713 2406 755 non
2451 689 2684 754 minori
2733 690 3090 775 despicatui

574 824 766 886 quam
816 800 978 865 istos
1033 799 1431 864 fabulatores
1486 798 1821 863 habebant
1875 798 2284 863 innocentem
2327 797 2730 862 Hannonem.
2822 798 3089 864 Etenim

571 907 852 974 Strabo
914 905 1169 971 silentio
1229 928 1375 969 eum
1434 904 1799 990 praeteriit,
1863 927 2010 970 cum
2063 905 2450 970 futtiliorem
2507 905 2703 969 etiam
2758 908 2823 968 et
2879 905 3088 992 magis

503 1078 512 1087 ,
572 1014 808 1079 mirum
856 1011 1405 1098 Carthaginiensis
1450 1010 1779 1095 periplum
1828 1011 2103 1076 'haberet
2150 1035 2343 1098 quam
2386 1012 2676 1096 Pytheae
2722 1010 2829 1099 (cf.
2878 1035 2940 1096 p.
2987 1014 3089 1077 632

576 1123 718 1187 102.
762 1120 906 1185 115.
950 1121 1079 1185 190
1102 1115 1197 1205 C).
1269 1117 1458 1184 Unde
1495 1139 1628 1181 non
1663 1115 2044 1204 mirandum,
2085 1119 2257 1204 quod
2282 1118 2481 1184 Plinii
2510 1121 2721 1182 aetate
2748 1118 3091 1184 Hannonis

572 1226 976 1293 itinerarium
1014 1246 1205 1290 nemo
1243 1224 1373 1288 iam
1410 1223 1701 1310 legebat:
1746 1247 2024 1310 namque
2065 1226 2310 1291 ‘fuere
2349 1231 2415 1290 et
2451 1225 2789 1290 Hannonis
2827 1224 3088 1291 Cartha·

573 1334 964 1422 giniensium
1011 1331 1189 1396 ducis
1226 1330 1670 1395 commentarii
1705 1330 1971 1397 Punicis
2007 1333 2202 1398 rebus
2238 1333 2712 1399 florentissimis
2750 1334 3089 1418 explorare

574 1441 893 1506 ambitum
928 1437 1187 1504 Africae
1224 1437 1382 1503 iussi
1393 1437 1434 1523 ⁹,
1489 1437 1703 1522 inquit
1750 1438 2000 1504 Plinius
2045 1440 2185 1525 ipse
2232 1440 2326 1529 (V
2367 1445 2423 1527 1,
2463 1439 2550 1528 8).
2641 1440 2866 1506 Aelio
2919 1441 3091 1507 deni-

568 1566 700 1633 'que
755 1545 1093 1612 Aristidi
1153 1544 1261 1634 (cf.
1317 1543 1380 1609 H
1433 1569 1495 1629 p.
1543 1546 1704 1631 475,
1752 1543 1977 1632 5sqq.)
2041 1546 2273 1612 titulus
2329 1548 2652 1633 quondam
2701 1546 3092 1634 Carthagine

569 1654 825 1740 positus
896 1652 967 1717 in
1035 1652 1282 1737 templo
1348 1651 1609 1717 Saturni
1672 1656 1868 1717 notus
1935 1657 2108 1739 erat,
2180 1654 2445 1741 ignotus
2510 1653 2774 1721 libellus
2837 1654 3088 1740 publici

569 1761 728 1827 iuris
773 1761 998 1826 factus.
1417 1748 1420 1753 ³
2804 1771 2808 1777 '

755 1865 993 1931 Contra
1056 1865 1124 1930 id
1187 1887 1388 1930 unum
1443 1871 1974 1951 argumentorum
2027 1867 2411 1933 necessitate
2478 1868 2760 1955 cogitur,
2822 1868 3090 1934 Iubam

568 1997 790 2061 regem
858 1996 1004 2038 cum
1051 1975 1310 2056 Λιβυκοὶ
1368 1972 1806 2038 conscriberet
1869 1973 2208 2039 Hannonis
2270 1974 2598 2059 periplum
2662 1978 2813 2038 ante
2870 1976 3092 2041 oculos

570 2081 874 2146 habuisse
940 2083 1135 2164 atque
1199 2079 1266 2143 id
1333 2080 1591 2165 quidem
1657 2081 1991 2164 exemplar
2042 2081 2287 2146 Punica
2349 2082 2787 2167 conscriptum
2840 2082 3094 2169 lingua3

570 2192 721 2253 sunt
769 2187 941 2251 enim
988 2187 1112 2251 duo
1161 2185 1366 2252 Solini
1413 2187 1539 2251 loci
1588 2209 1865 2271 quorum
1910 2187 2075 2252 alter
2120 2189 2323 2254 altero
2380 2191 2666 2274 perbene
2718 2191 3091 2275 suppletur:

569 2294 849 2382 legimus
913 2292 1007 2381 (p.
1059 2293 1186 2358 155
1204 2291 1323 2380 M.)
1402 2292 1630 2359 Nilum
1697 2293 2017 2380 originem
2081 2296 2320 2379 habere
2380 2321 2418 2361 a
2481 2301 2701 2361 monte
2765 2297 3090 2363 inferioris

569 2399 1035 2484 Mauretaniae,
1091 2421 1327 2464 oceano
1384 2399 1784 2484 propinquo:
1839 2400 1994 2466 ‘hoc
2051 2401 2391 2467 adfirmant
2446 2403 2675 2469 Punici
2731 2404 2912 2469 libri:
2966 2405 3090 2470 hoc

567 2508 801 2573 Iubam
867 2527 1088 2592 regem
1144 2505 1498 2590 accipimus
1550 2506 1925 2571 tradidisse'
1975 2505 2083 2595 (cf.
2129 2506 2341 2573 Amm.
2389 2510 2582 2574 Marc.
2629 2511 2818 2577 XXII
2859 2513 2960 2598 15,
3001 2511 3089 2600 8).
3149 2523 3154 2527 '

570 2614 846 2692 Quinam
894 2613 1026 2677 sint
1070 2612 1299 2677 Punici
1354 2613 1466 2678 isti
1511 2612 1693 2701 libri,
1750 2614 2026 2680 dilucide
2077 2616 2472 2700 perspicitur
2519 2640 2598 2683 ex
2645 2642 2794 2705 pag.
2835 2621 2965 2686 124
2985 2620 3092 2704 Μ.,

569 2721 686 2787 ubi
740 2721 835 2785 ita
888 2719 1181 2804 loquitur
1227 2718 1515 2785 Solinus:
1571 2720 1763 2786 ‘haec
1818 2722 1897 2785 de
1945 2720 2240 2809 Atlante,
2297 2747 2489 2808 quem
2534 2724 2745 2790 Mauri
2791 2724 3090 2790 Addirim

569 2827 934 2911 nominant,
990 2830 1055 2890 et
1101 2826 1442 2892 Hannonis
1485 2827 1715 2893 Punici
1770 2828 1926 2892 libri
1979 2832 2045 2893 et
2089 2830 2295 2894 nostri
2343 2829 2605 2896 annales
2650 2831 3093 2918 prodiderunt,

568 2935 733 3001 Iuba
817 2934 1014 2998 etiam
1085 2933 1442 2999 Ptolemaei
1525 2934 1698 2999 filius
1782 2934 1893 3020 qui
1966 2936 2303 3020 utriusque
2382 2937 2819 3003 Mauretaniae
2889 2963 3092 3027 regno

569 3040 824 3126 potitus
880 3040 1018 3105 est?
1110 3039 1288 3105 Haec
1342 3063 1493 3105 vero
1549 3041 1716 3106 levia
1772 3046 1923 3106 sunt
1976 3066 2131 3127 prae
2189 3064 2264 3108 eo
2327 3045 2499 3129 quod
2553 3049 2781 3132 restat3
2846 3046 3093 3114 scilicet

570 3146 945 3213 Athenaeus
989 3144 1087 3212 ΠΙ
1123 3148 1210 3213 25
1257 3170 1320 3231 Ρ.
1362 3148 1506 3214 83b
1551 3147 1729 3213 hisce
1776 3149 2065 3215 ludificat
2110 3150 2365 3218 Iubam:
2414 3155 2476 3217 εἰ
2534 3151 2657 3236 μέν
2715 3176 2780 3217 τι
2834 3155 3094 3219 τούτων

566 3251 778 3339 Ἰόβας
838 3256 1114 3337 ἱστορεῖ,
1181 3251 1459 3340 χαιρέτω
1507 3257 1869 3338 Λιβυκαῖσι
1924 3259 2183 3340 βίβλοις
2258 3261 2352 3323 ἔτι
2417 3282 2487 3324 τε
2551 3269 2714 3335 ταῖς
2749 3257 3093 3337 ’Ἄννωνος

570 3362 887 3438 πλάναις]
932 3359 1105 3425 Η1110
1131 3361 1325 3426 Peter
1362 3360 1433 3449 (1.
1462 3361 1503 3426 l.
1533 3385 1596 3445 p.
1627 3359 1700 3448 5)
1738 3361 1969 3428 Iubam
1995 3362 2359 3448 inspexisse
2387 3365 2726 3431 Hannonis
2764 3367 3093 3451 periplum

574 3473 747 3534 recte
802 3467 1118 3533 conclusit
1166 3473 1232 3533 et
1278 3492 1397 3552 per
1443 3492 1591 3533 eum
1638 3470 1952 3555 quaedam
1999 3472 2194 3537 etiam
2249 3472 2618 3557 pervenisse
2665 3473 2746 3537 ad
2788 3473 3093 3539 Plinium.

571 3575 782 3660 Adde,
836 3575 1029 3660 *quod
1089 3575 1396 3660 perfacile
1467 3576 1608 3640 fieri
1681 3577 1903 3661 potuit
1919 3629 1937 3663 ,
2009 3582 2084 3643 ut
2155 3577 2319 3644 Iuba
2380 3579 2699 3645 Punicum
2773 3581 3094 3664 quoddam

571 3683 905 3748 relationis
969 3682 1363 3749 Hannoneae
1427 3684 1760 3769 exemplar
1822 3685 2168 3770 acciperet:
2234 3686 2471 3752 etenim
2536 3687 2881 3773 Romanos²
2946 3710 3093 3752 cum

575 3788 1032 3876 Carthaginem
1115 3790 1471 3878 cepissent,
1553 3796 1827 3877 excepto
1900 3793 2199 3880 Magonis
2281 3794 2358 3859 de
2440 3816 2509 3857 re
2583 3794 2824 3860 rustica
2897 3817 3093 3879 opere

568 3896 849 3961 Punicos
903 3896 1111 3961 libros
1167 3899 1410 3985 regulis
1455 3897 1713 3963 Africae
1767 3898 2102 3964 donavisse
2146 3900 2404 3966 Plinius
2458 3900 2646 3964 testis
2702 3905 2801 3965 est
2847 3900 3094 3990 (XVIII

573 4005 631 4088 3,
670 4000 813 4089 22)!
896 4003 1190 4088 Denique
1246 4004 1394 4069 inde
1450 4004 1892 4092 cognoscitur,
1948 4006 2060 4090 qui
2104 4005 2268 4071 Iuba
2325 4028 2513 4070 omne
2568 4006 2732 4070 illud
2784 4030 2959 4072 mare
3008 4009 3090 4072 ab

569 4110 752 4175 India
824 4130 1028 4195 usque
1094 4109 1301 4176 Gades
1362 4111 1642 4176 voluerit
1708 4111 2079 4197 navigabile
2145 4134 2283 4177 esse
2348 4117 2542 4198 atque
2609 4114 2806 4178 etiam
2869 4115 3093 4180 statio·

568 4240 727 4283 num
789 4218 933 4284 loca
1006 4220 1073 4280 et
1145 4218 1504 4302 spatiorum
1576 4218 1840 4282 modum
1913 4217 2230 4283 addiderit
2303 4216 2411 4308 (cf.
2456 4219 2621 4286 Plin.
2659 4218 2753 4285 VI
2790 4223 2907 4307 29,
2947 4224 3093 4288 175.

443 4378 444 4381 ¹
572 4324 698 4391 Sol.
738 4326 868 4390 228
888 4321 1021 4410 Μ.).

747 4430 1067 4496 Perducta
1121 4435 1339 4495 autem
1394 4454 1469 4496 eo
1525 4452 1628 4496 res
1681 4436 1808 4517 est,
1863 4435 1937 4496 ut
1985 4434 2413 4520 examinetur,
2467 4456 2626 4499 num
2672 4433 3094 4519 opinionibus

574 4537 960 4623 quibusdam
1007 4537 1464 4625 geographicis
1474 4588 1491 4621 ,
1543 4561 1706 4622 quae
1753 4539 2017 4605 maioris
2062 4540 2373 4605 momenti
2420 4542 2708 4624 fuerunt,
2754 4539 3094 4606 Hannonis

572 4645 805 4719 titulus
845 4666 1067 4710 ansam
1106 4645 1368 4712 dederit.
1450 4645 1836 4733 Priusquam
1872 4668 2022 4715 vero
2064 4668 2226 4733 quae
2263 4647 2406 4732 ipse
2445 4647 2719 4713 sentiam
2756 4648 3093 4734 explicem,
