3467 5334
899 359 1134 430 Quando
1174 358 1403 417 Graecis
1440 359 1753 418 innotuerit
1788 359 2080 416 Hannonis
2115 360 2383 433 periplus.
2607 339 2615 343 -
2783 361 2909 427 113

407 524 596 612 μέχρι
644 528 919 610 δυσμῶν
969 537 1103 591 τῶν
1149 526 1578 610 βραχυτάτων
1632 525 1741 614 (cf.
1783 526 2048 592 Cosmae
2094 530 2350 614 topogr.
2398 528 2618 594 christ.
2661 551 2724 611 p.
2768 528 2914 592 148.

407 635 484 698 fr.
523 635 607 700 38
619 631 763 720 M.)‚
818 632 985 696 unde
1035 632 1389 697 hauserunt
1427 632 1741 717 Scymnus
1781 632 1978 698 Chius
2025 632 2110 720 (v.
2153 621 2298 699 168.
2350 633 2506 721 175)
2553 639 2618 698 et
2663 632 2915 697 Plinius

405 739 500 804 VI
527 743 631 825 30,
663 741 809 805 197.
880 739 1186 823 Ephorus
1223 743 1440 805 autem
1478 746 1647 806 certe
1687 741 1987 806 adhibuit
2022 741 2527 827 Euthymencm3
2564 742 2782 824 itaque
2819 740 2916 803 nil

406 848 652 931 obstat,
700 845 1042 930 quominus
1098 845 1268 910 idem
1315 850 1639 913 statuatur
1685 849 1763 913 de
1811 849 2093 934 Scylacis
2141 852 2587 934 retractatore,
2637 847 2746 931 qui
2792 847 2915 910 for-

405 942 598 1017 tassis
651 975 785 1017 non
839 953 1056 1037 ipsum
1101 952 1388 1037 inspexit
1433 954 1938 1040 Euthymenem,
1994 955 2105 1020 sed
2151 954 2349 1018 alium
2396 958 2750 1038 auctorem,
2807 953 2915 1037 qui

408 1083 570 1145 quac
633 1059 802 1124 veris
865 1060 1163 1124 immixta
1226 1060 1389 1125 mira
1453 1062 1745 1146 repperit
1810 1062 1878 1126 in
1931 1061 2351 1127 Massiliensis
2415 1061 2726 1127 relatione
2786 1083 2920 1124 non

406 1172 752 1251 receperat.
835 1167 982 1249 Hoc
1015 1167 1236 1254 igitur,
1282 1191 1672 1253 quamquam
1707 1192 1840 1233 non
1878 1192 2022 1234 sum
2057 1170 2328 1254 nescius,
2368 1175 2641 1256 quantas
2677 1168 2919 1233 habeat

408 1274 736 1339 cautiones
783 1279 846 1339 et
894 1274 1351 1360 dubitationeS,
1399 1275 1687 1340 omnium
1731 1275 2273 1341 verisimillimum
2320 1301 2457 1343 esse
2505 1276 2815 1342 duxerim.

583 1381 812 1467 Neque
877 1404 1029 1446 vero
1095 1381 1164 1445 in
1226 1382 1439 1447 minus
1504 1384 1778 1448 obscuro
1842 1387 1907 1447 et
1961 1383 2213 1449 lubrico
2269 1387 2530 1451 tramite
2585 1388 2918 1469 reptamus

406 1489 626 1573 potius
701 1512 893 1575 quam
964 1489 1433 1575 pedetemptim
1512 1491 1911 1578 ingredimur
1983 1491 2060 1556 de
2124 1491 2437 1575 Ephoro
2501 1492 2919 1578 inquirentes,

405 1595 724 1661 Videlicet
787 1619 890 1662 res
953 1597 1095 1662 ideo
1157 1601 1255 1661 est
1310 1597 1821 1684 intricatissima,
1887 1597 2058 1683 quod
2114 1620 2195 1662 ex
2252 1599 2479 1684 quinto
2539 1599 2676 1663 eius
2731 1598 2922 1682 libre,

409 1725 536 1788 quo
582 1702 741 1768 Asia
795 1707 860 1767 et
917 1703 1129 1788 Libya
1184 1704 1442 1788 copiose
1500 1705 2033 1771 describebantur
2099 1727 2261 1788 quae
2317 1707 2397 1771 ad
2462 1705 2925 1778 occidentalem

408 1831 586 1874 oram
632 1811 963 1875 referenda
1009 1813 1159 1875 sunt
1205 1814 1318 1874 aut
1363 1811 1694 1877 referenda
1741 1835 1879 1879 esse
1925 1812 2227 1877 videntur
2273 1812 2398 1878 duo
2436 1817 2693 1878 tantum
2728 1813 2922 1877 nobis

408 1920 666 2000 praesto
742 1921 893 1981 sunt
965 1917 1363 2003 fragmenta:
1437 1918 1640 1982 altero
1716 1923 2257 1985 commemoratur
2328 1923 2626 2008 Καρικὸν
2689 1930 2923 2005 τεῖχος,

407 2027 597 2101 πόλις
634 2025 893 2109 Λιβύης
930 2023 1002 2089 ἐν
1049 2023 1360 2110 ἀριστερᾷ
1406 2037 1541 2090 τῶν
1578 2023 1990 2107 Ἡρακλείων
2038 2032 2297 2110 στηλῶν
2344 2026 2451 2115 (cf.
2501 2026 2724 2112 Steph.
2770 2026 2922 2110 Byz.

410 2153 457 2194 s,
494 2153 551 2194 v.
590 2133 886 2217 Καρικὸν
923 2142 1135 2216 τεῖχος
1179 2131 1255 2195 fr.
1296 2132 1380 2195 96
1398 2130 1541 2217 M.),
1587 2132 1864 2197 alterum
1903 2135 2001 2196 cst
2039 2131 2116 2196 de
2156 2131 2357 2197 Cerne
2397 2134 2634 2199 insula:
2684 2133 2924 2218 ‘Epho-

411 2260 522 2301 rus
567 2242 791 2315 auctor
830 2243 928 2304 est
964 2261 1002 2302 a
1038 2238 1265 2303 Rubro
1312 2239 1473 2303 mari
1518 2239 1898 2326 navigantes
1935 2238 2005 2303 in
2052 2261 2193 2302 eam
2236 2262 2369 2304 non
2415 2231 2605 2325 posse
2657 2243 2926 2324 propter

411 2344 668 2410 ardores
732 2346 903 2410 ultra
958 2344 1266 2430 quasdam
1323 2346 1652 2411 columnas
1707 2345 1831 2434 (ita
1886 2346 2301 2431 appellantur
2354 2370 2590 2431 parvae
2644 2344 2924 2434 insulae)

408 2453 699 2536 provehi'
749 2452 856 2542 (cf.
894 2453 1056 2518 Plin.
1093 2451 1189 2518 VI
1225 2456 1329 2539 31,
1370 2456 1516 2519 199.
1563 2456 1639 2520 fr.
1679 2456 1816 2520 96a
1833 2451 1969 2540 M)
2051 2453 2230 2518 Haec
2265 2455 2560 2538 profecto
2598 2477 2730 2519 non
2767 2453 2925 2518 satis

410 2582 634 2624 causae
671 2562 1006 2646 praebent,
1045 2582 1156 2625 cur
1183 2560 1525 2645 Ephorum
1553 2561 1893 2627 Hannonis
1929 2561 2257 2645 periplum
2291 2561 2547 2626 novisse
2578 2561 2924 2626 credamus.

410 2665 935 2733 Commodissime
974 2667 1146 2732 enim
1183 2667 1366 2733 urbis
1403 2668 1580 2733 ilh‘us
1615 2691 1854 2733 nomen
1900 2667 2256 2752 comperire
2301 2667 2523 2751 potuit
2560 2690 2639 2733 ex
2677 2668 2924 2754 Euthy-

406 2797 619 2859 mene,
674 2798 865 2861 quem
911 2779 1082 2841 certe
1128 2774 1198 2840 in
1244 2797 1433 2838 usum
1480 2798 1668 2841 suum
1724 2774 2042 2840 convertit
2087 2796 2297 2859 neque
2342 2775 2501 2839 haec
2558 2775 2928 2841 coniectura

408 2881 728 2947 refutatur
775 2906 849 2947 ca
895 2905 990 2968 re,
1047 2881 1219 2967 quod
1265 2880 1500 2966 Scylax
1546 2905 1584 2946 a
1630 2881 1932 2948 Soloente
1981 2881 2205 2945 statim
2260 2880 2543 2946 transilit
2589 2881 2670 2944 ad
2714 2882 2928 2948 Lixio-

408 3012 557 3053 nem
605 2990 859 3055 omissis
908 3013 1070 3076 quae
1117 2990 1498 3055 intermedia
1544 2995 1726 3056 erant
1775 2988 2052 3074 oppidis.
2135 2987 2415 3053 Tantum
2459 3011 2611 3053 vero
2650 3011 2777 3054 uno
2818 3011 2927 3054 ore

411 3097 672 3161 concedi
710 3098 1029 3182 existimO,
1077 3097 1254 3163 omni
1289 3098 1354 3162 vi
1394 3103 1459 3164 et
1495 3098 1882 3163 auctoritate
1921 3118 2134 3162 carere
2173 3095 2450 3160 alterum
2490 3095 2676 3161 illum
2713 3097 2929 3161 locum

409 3203 802 3290 Plinianum3
863 3208 1015 3269 nam
1078 3208 1152 3268 ut
1215 3203 1411 3268 Plinii
1474 3205 1692 3269 verbis
1747 3204 1941 3268 fidem
1996 3202 2362 3267 tribuamus
2418 3240 2507 3249 —
2562 3203 2794 3267 accidit
2851 3203 2929 3287 ei,

412 3333 538 3395 qua
585 3320 720 3376 erat
764 3310 1206 3398 neglegentia,
1271 3317 1345 3376 ut
1402 3310 1650 3377 Cernen
1705 3311 2084 3377 orientalem
2144 3313 2209 3373 et
2265 3308 2726 3374 occidentalem
2781 3332 2926 3375 con-

416 3418 714 3483 funderet
748 3457 837 3465 —
884 3418 1057 3503 quod
1103 3418 1412 3504 descripsi
1456 3418 1711 3505 Ephori
1761 3418 2168 3483 enuntiatum
2212 3416 2572 3482 necessario
2629 3439 2928 3483 revocan-

412 3524 564 3589 dum
619 3529 717 3590 est
772 3525 852 3589 ad
909 3549 1049 3590 eam
1104 3526 1408 3610 insulam,
1465 3549 1627 3612 quae
1676 3526 1744 3590 in
1790 3526 1934 3610 ipso
1980 3525 2120 3590 Eoo
2137 3521 2189 3610 l)
2236 3524 2397 3589 mari
2445 3529 2670 3591 contra
2715 3526 2928 3590 sinum

410 3630 742 3696 Persicum
788 3653 866 3696 ex
912 3632 1176 3697 adverso
1213 3632 1603 3718 Aethiopiae
1651 3633 1777 3698 sita
1812 3633 2201 3720 fingebatur.
2286 3632 2461 3708 Quae
2499 3635 2717 3697 autem
2759 3635 2928 3718 sunt,

412 3739 650 3824 quibus
703 3739 1226 3805 Muellenhoffius
1286 3739 1349 3827 (I
1402 3764 1465 3824 p.
1507 3743 1588 3805 89
1611 3738 1786 3827 adn.)
1843 3740 2132 3806 evincere
2192 3739 2523 3822 studebat,
2587 3738 2929 3823 Ephorum

410 3846 770 3930 inspexisse
807 3846 1144 3911 Hannonis
1191 3845 1630 3933 periplum²)‘?
1693 3846 1922 3912 Utitur
1957 3846 2056 3910 vir
2102 3868 2390 3910 summus
2428 3845 2549 3910 hac
2593 3846 2928 3912 ratiocina-

410 3953 615 4018 tione:
664 3977 743 4018 cx
780 3955 1050 4039 Ephoro
1097 3953 1361 4019 fluxisse
1401 3975 1474 4017 ea
1511 3952 1708 4017 Plinii
1755 3953 1970 4039 verba,
2018 3952 2257 4037 quibus
2292 3950 2388 4017 VI
2424 3954 2528 4038 30,
2568 3956 2691 4019 197
2744 3954 2929 4018 docet

409 4060 831 4145 Aethiopiam
884 4062 1172 4145 patuisse
1222 4062 1304 4126 ab
1363 4060 1608 4125 oriente
1664 4060 1939 4124 hiberno
1987 4059 2067 4123 ad
2122 4059 2520 4125 occidentem
2563 4060 2930 4147 hibernum,

409 4168 695 4254 itemque
770 4191 932 4253 quae
1005 4169 1075 4232 in
1142 4173 1181 4249 ξ
1240 4171 1366 4235 198
1432 4166 1755 4253 principio
1824 4167 1901 4231 de
1969 4165 2171 4231 Cerne
2234 4167 2446 4232 insula
2509 4169 2930 4252 proferuntur

410 4275 833 4364 (quamquam
892 4275 999 4340 hic
1052 4297 1184 4340 non
1239 4276 1544 4361 Ephorus
1603 4275 1780 4341 solus
1834 4274 2160 4360 laudatur,
2226 4275 2338 4340 sed
2393 4297 2521 4339 uno
2578 4275 2929 4362 eodemque

598 4524 649 4592 1)
689 4525 777 4578 Ita
811 4525 965 4578 recte
1001 4522 1362 4578 Detlefsenus
1400 4521 1478 4575 VI
1507 4528 1594 4589 31,
1629 4530 1746 4578 198.

590 4615 646 4684 2)
684 4613 1136 4668 Muellenhoffius
1178 4613 1368 4666 omnia
1403 4612 1686 4681 persuasit
1722 4612 1993 4668 Meltzero
2033 4614 2094 4684 (l.
2126 4613 2166 4670 I.
2207 4632 2261 4684 p.
2295 4618 2436 4681 507).

524 4714 792 4766 Fischer,
829 4715 896 4754 De
926 4714 1172 4754 Hannonis
1201 4713 1353 4754 Carth.
1381 4712 1573 4762 periplo.
2467 4708 2498 4757 8
