3467 5334
1293 405 1376 459 De
1412 404 1704 460 Hannonis
1742 404 1961 461 itinere.
2818 405 2905 469 63

394 570 517 634 11111
561 569 793 634 named
846 569 959 633 the
1006 567 1263 652 Saddle,
1322 567 1536 632 which
1591 568 1751 632 rises
1791 570 1963 633 1070
2007 569 2140 632 feet
2187 568 2390 632 above
2436 570 2549 633 the
2605 592 2730 655 sea,
2785 570 2911 633 and

395 699 675 760 appears
720 681 789 741 to
838 677 919 740 be
965 676 1077 739 the
1124 680 1399 740 western
1447 676 1796 760 extremity
1836 676 1909 739 of
1948 698 1985 739 a
2031 697 2228 761 range
2270 676 2344 739 of
2380 676 2543 762 high
2587 676 2756 761 land,
2805 699 2907 740 ex-

394 784 669 870 tending
714 785 800 848 24
846 782 1031 846 miles
1095 782 1164 846 in
1227 805 1264 846 a
1327 783 1683 855 south-east
1752 782 2069 847 direction
2132 786 2202 846 to
2268 788 2496 848 mount
2556 782 2647 847 St.
2695 783 2738 847 J
2741 784 2911 847 ohn'.
2977 792 2980 795 ’

393 888 575 955 Idem
620 893 899 966 testatur
942 888 1281 954 Reclusius
1326 887 1419 977 (p.
1460 887 1646 976 372):
1711 887 2010 954 ‘au-dela'
2056 888 2337 976 (dixerat
2383 895 2533 954 ante
2582 891 2658 954 de
2705 891 2912 956 Mesu-

391 1000 550 1063 rado
596 994 1079 1083 promunturio)
1127 996 1236 1061 ‘on
1291 996 1428 1076 voit
1476 1018 1543 1060 se
1599 997 1865 1080 profiler
1912 996 2069 1059 dans
2114 995 2470 1060 l'interieur
2516 1018 2639 1060 une
2687 996 2914 1061 chaine

396 1105 474 1169 de
522 1104 813 1190 collines,
879 1104 1242 1190 atteignant
1291 1105 1421 1170 335
1458 1127 1539 1168 m.
1587 1127 1669 1188 au
1725 1104 1915 1189 point
1969 1104 2030 1168 le
2087 1102 2235 1187 plus
2282 1103 2486 1187 cleve,
2546 1104 2641 1168 dit
2688 1104 2913 1168 Table-

393 1212 758 1297 mountain,
818 1212 966 1295 plus
1011 1212 1164 1297 loin,
1211 1214 1249 1275 a
1292 1210 1434 1275 l'est
1482 1211 1559 1274 (16
1606 1211 1669 1274 13
1716 1212 1863 1275 baie
1911 1212 1988 1275 de
2036 1210 2490 1295 Grand-Bassa,
2538 1233 2605 1274 se
2651 1215 2904 1275 montre

391 1318 457 1382 la
512 1318 738 1402 pointe
795 1318 871 1382 de
926 1316 1628 1382 Tobacco-mountain’
1677 1340 1728 1381 e.
1779 1340 1836 1401 q.
1884 1340 1930 1381 s.
2021 1317 2168 1381 Huc
2223 1317 2427 1403 igitur
2480 1317 2686 1381 refero
2732 1317 2904 1382 Han-

393 1426 583 1490 nonis
628 1425 1079 1490 narrationem.
1170 1423 1376 1489 Simul
1422 1423 1488 1487 id
1535 1446 1613 1487 ex
1662 1423 2099 1508 disputatione
2148 1447 2317 1510 mea,
2365 1425 2614 1511 opinor,
2661 1424 2905 1512 colligi-

393 1536 520 1617 tur,
568 1532 679 1616 qui
725 1531 899 1596 illius
937 1530 1365 1616 phaenomeni
1410 1534 1642 1594 natura
1679 1529 2063 1595 Hannonem
2109 1531 2334 1617 fugere
2380 1532 2688 1618 potuerit,
2736 1534 2907 1617 quod

392 1638 747 1723 permirum
811 1661 962 1703 sane
1016 1639 1213 1722 foret,
1278 1638 1331 1701 si
1397 1661 1615 1702 revera
1670 1638 1893 1702 Theon
1939 1636 2220 1703 Ochema
2286 1642 2352 1701 et
2417 1639 2527 1723 qui
2588 1640 2645 1703 ei
2710 1640 2905 1704 vicini

393 1751 575 1810 erant
649 1750 902 1810 montes
956 1768 1035 1809 ex
1088 1749 1226 1809 tam
1279 1768 1478 1829 parvo
1534 1744 1798 1808 vidisset
1854 1744 2210 1810 intervallo.
2304 1743 2465 1809 Cum
2522 1767 2673 1809 vero
2730 1745 2902 1809 haud

392 1853 551 1939 scio,
616 1876 697 1917 an
762 1852 1082 1917 sententia
1146 1874 1288 1916 mea
1352 1853 1645 1917 firmetur
1709 1874 1785 1915 ea
1848 1874 1943 1937 re,
2010 1851 2182 1937 quod
2245 1851 2315 1916 in
2377 1851 2905 1939 Portugallorum

394 1960 616 2024 charta
659 1959 920 2024 nautica
974 1981 1140 2023 anno
1197 1959 1367 2024 1508
1417 1957 1777 2042 publicata,
1843 1980 2005 2043 quae
2061 1959 2182 2023 etsi
2240 1959 2580 2024 artissimis
2633 1960 2907 2025 vinculis

394 2090 540 2132 cum
576 2067 946 2132 Ptolemaeo
994 2067 1310 2151 cohaeret,
1355 2070 1572 2129 tamen
1610 2065 1984 2149 saepissime
2022 2066 2091 2129 in
2129 2066 2257 2130 oris
2296 2066 2721 2152 depingendis
2768 2067 2906 2130 eius

394 2175 674 2240 rationes
739 2178 1144 2258 aspernatur,
1208 2172 1369 2256 ipsis
1431 2171 1534 2235 his
1598 2171 1930 2236 montibus
1988 2172 2241 2236 ‘Theon
2297 2170 2600 2238 Ochema’
2668 2196 2905 2237 nomen

397 2281 781 2346 adscribitur
795 2279 864 2366 1),
910 2285 1052 2345 111111
1089 2283 1163 2344 111
1202 2279 1410 2345 omnis
1456 2279 1779 2344 dubitatio
1817 2278 1975 2343 mihi
2018 2279 2275 2363 quidem
2321 2279 2607 2365 tollatur,
2653 2281 2900 2345 faciunt

398 2411 556 2474 quae
601 2388 834 2453 Petrus
881 2388 957 2452 de
1006 2387 1253 2470 Cintra,
1301 2386 1464 2449 alter
1509 2386 1618 2450 ille
1665 2386 1859 2450 medii
1907 2386 2045 2450 aevi
2092 2386 2326 2450 Hanno
2382 2387 2779 2452 renuntiavit
2826 2389 2903 2452 de

396 2496 598 2581 ipsius
644 2496 986 2562 Mesurado
1041 2494 1476 2578 promunturii
1533 2494 1824 2580 regione,
1889 2516 2033 2557 cum
2088 2493 2377 2578 alioquin
2440 2494 2678 2559 similia
2732 2496 2906 2579 apud

397 2625 538 2666 eum
601 2623 733 2667 non
796 2601 1098 2688 legantur
1155 2599 1262 2688 (cf.
1309 2601 1495 2666 Ram.
1543 2622 1605 2683 p.
1644 2595 1832 2685 200):
1907 2599 1965 2663 ‘e
2021 2600 2090 2663 in
2155 2605 2382 2683 questa
2445 2605 2630 2684 parte
2685 2601 2902 2666 videro

395 2709 577 2774 molti
615 2709 852 2792 fuochi,
891 2707 1103 2791 quella
1131 2707 1341 2791 prima
1367 2711 1570 2791 notte,
1607 2729 1682 2771 su
1720 2729 1837 2790 per
1874 2706 1966 2792 gli
2006 2708 2222 2771 arbori
2262 2730 2295 2771 e
2333 2730 2450 2790 per
2487 2708 2552 2771 la
2587 2707 2906 2794 spiaggia,

395 2816 540 2881 fatti
589 2815 741 2879 dalli
787 2815 993 2901 Negri
1042 2814 1295 2899 quando
1343 2814 1586 2878 ebbero
1633 2813 1698 2876 la
1743 2813 1912 2877 vista
1959 2813 2023 2876 di
2072 2813 2284 2897 questi
2330 2814 2555 2898 navilj,
2611 2815 2740 2878 mai
2786 2815 2901 2899 piu

397 2922 472 2986 da
533 2923 673 2987 loro
736 2922 997 2987 veduti'.
1088 2921 1334 2986 Eadem
1397 2920 1601 3007 igitur
1664 2943 1767 2984 res
1832 2921 2055 2986 eodem
2119 2921 2261 2985 1060
2323 2925 2387 2984 61
2441 2920 2780 2986 Hannonis
2836 2926 2903 2985 et

396 3028 569 3094 Petri
619 3030 695 3093 de
744 3028 965 3093 Cintra
1003 3028 1291 3092 animum
1327 3028 1396 3092 in
1435 3051 1502 3091 se
1542 3027 1888 3092 convertit:
1933 3050 2152 3092 veram
2190 3028 2328 3092 eius
2367 3050 2623 3092 causam
2670 3051 2903 3115 cogno-

396 3140 621 3200 verunt
666 3135 1048 3222 Portugalli,
1093 3158 1225 3210 non
1272 3137 1705 3219 cognoverant
1755 3133 2334 3220 Carthaginienses.

570 3244 743 3320 Quae
784 3265 929 3307 cum
965 3243 1058 3306 ita
1095 3243 1244 3327 sint,
1279 3264 1411 3305 non
1450 3241 1698 3325 dubit0,
1744 3241 1916 3306 hunc
1953 3242 2274 3306 montium
2311 3246 2590 3307 tractum
2628 3242 2900 3307 eundem

394 3355 620 3434 putare
686 3355 878 3435 atque
906 3349 1271 3414 ⁴Hannonis
1336 3348 1559 3412 Theon
1620 3346 1927 3432 Ochema,
1990 3348 2184 3413 huius
2242 3348 2403 3414 Noti
2462 3347 2673 3413 Cornu
2732 3349 2899 3413 idem

395 3462 587 3542 atque
634 3456 1158 3541 promunturium
1195 3457 1468 3541 Palmas,
1515 3455 1618 3520 cui
1657 3455 1994 3540 appositae
2033 3460 2214 3520 erant
2254 3455 2582 3542 Gorgades
2629 3456 2904 3521 insulae:

392 3564 485 3627 ita
548 3564 720 3628 enim
784 3563 1176 3629 confidenter
1240 3586 1385 3628 cum
1450 3561 1733 3629 Osannio
1795 3564 1834 3628 1.
1892 3563 1932 3626 l.
1979 3587 2041 3647 p.
2069 3565 2212 3629 548
2277 3563 2507 3628 scrib0.
2601 3563 2900 3628 Ceterum

393 3671 722 3735 simiarum
793 3670 906 3734 illa
983 3669 1229 3753 species
1305 3692 1440 3735 non
1503 3675 1641 3734 erat
1713 3693 1814 3756 ea,
1890 3693 2052 3755 quae
2124 3675 2391 3735 vocatur
2461 3670 2712 3755 Oranq-
2736 3672 2900 3739 Utan

391 3777 498 3865 (cf.
537 3781 805 3845 Mueller
850 3801 911 3861 p.
956 3775 1200 3863 13s14);
1247 3778 1329 3842 ab
1379 3777 1482 3841 his
1519 3777 1690 3841 enim
1726 3777 1885 3842 haec
1931 3781 2103 3841 terra
2138 3800 2272 3842 non
2308 3777 2675 3842 infestatur:
2731 3779 2899 3843 inco-

389 3886 548 3950 litur
602 3884 822 3969 potius
868 3885 951 3949 ab
1012 3884 1104 3947 eis
1152 3906 1314 3967 quae
1372 3883 1673 3948 dicuntur
1717 3882 2228 3972 Schimpanses2).

570 3992 696 4057 Sed
731 3992 890 4056 haec
926 3991 1236 4056 hactenus
1265 3991 1342 4055 de
1380 3991 1630 4055 ratione
1668 3991 1919 4055 itineris
1947 3990 2314 4056 Hannonei!
2371 3991 2556 4069 Quod
2594 3992 2648 4058 si
2686 3997 2898 4057 totum

390 4100 603 4164 animo
661 4097 1199 4183 contemplamur,
1262 4098 1609 4162 habuimus
1674 4121 1877 4183 usque
1942 4099 2022 4162 ad
2076 4099 2466 4184 Hesperium
2522 4104 2897 4184 promuntu-

391 4207 560 4272 rium
607 4207 693 4272 35
740 4205 875 4269 dies
919 4205 1379 4292 navigationis3
1424 4205 1576 4271 hinc
1622 4205 1820 4270 series
1864 4205 2154 4271 locorum
2199 4208 2358 4272 haec
2404 4211 2533 4271 est:

577 4474 628 4542 1)
668 4472 886 4526 Inserta
933 4471 1220 4526 invenitur
1255 4471 1397 4526 haec
1434 4470 1635 4526 charta
1680 4471 1946 4527 Leleweli
1983 4474 2138 4544 operi
2174 4472 2578 4542 illustrissimo,
2627 4474 2777 4540 quod
2813 4473 2896 4528 in-

391 4561 654 4616 scribitur
688 4561 1011 4632 qdoyraphie
1047 4563 1126 4616 du
1160 4559 1476 4632 moyen-dyc
1512 4558 1588 4629 pl.
1628 4567 1715 4615 43.
1773 4561 1844 4615 cf.
1884 4581 1934 4617 v.
1975 4561 2025 4615 ΙΙ
2063 4581 2117 4633 p.
2150 4568 2252 4618 145
2273 4579 2390 4631 sqq.

569 4655 624 4719 2)
661 4649 730 4705 cf.
770 4649 1002 4704 Peschel
1042 4667 1095 4718 p.
1126 4655 1194 4703 23
1225 4667 1274 4704 a.
1306 4656 1353 4703 4.
1430 4647 1785 4703 Buettikofer
1820 4649 1846 4702 I
1885 4669 1938 4720 p.
1969 4657 2091 4709 256.
2156 4651 2362 4706 Reclus
2400 4651 2501 4705 XII
2541 4659 2662 4708 307.
2703 4658 2823 4709 380.
