3467 5334
1285 406 1368 466 De
1404 408 1693 466 Hannonis
1731 409 1952 466 itinere.
2795 409 2881 474 35

384 569 603 641 vinum
649 598 684 640 e
729 574 976 640 vitibus
1023 573 1300 639 multum
1356 570 1665 639 conficere
1710 570 1968 659 narrat,
2014 596 2133 638 nec
2186 572 2403 638 tamen
2456 573 2885 639 recentiorum

318 679 323 684 ’
384 682 776 749 testimoniis
830 679 1123 745 destituti
1178 702 1425 745 sumus:
1482 679 1721 744 etenim
1775 678 2111 745 Rohlfsius
2164 680 2421 765 Paneti,
2478 680 2884 767 Francogalli

383 789 649 856 viatoris
705 783 1173 873 itinerarium¹)
1228 784 1297 850 in
1362 807 1550 850 suum
1605 808 1796 850 usum
1850 791 2228 852 convertens
2283 787 2583 874 docuit2)‚
2646 788 2792 852 inde
2849 810 2886 850 a

383 895 836 981 promunturio
892 896 1174 978 Boy‘ador
1236 891 1520 977 incipere
1585 914 1814 978 agrum
1878 892 2043 957 bene
2108 894 2353 960 cultum
2412 895 2515 959 vel
2568 895 2889 979 idoneum,

385 1004 496 1088 qui
543 1004 816 1069 colatur:
862 1001 1056 1065 idem'
1078 999 1248 1066 inter
1293 1000 1498 1065 multa
1544 1000 1696 1083 alia,
1744 1021 1907 1084 quae
1953 999 2111 1065 haec
2157 1005 2328 1066 terra
2372 1005 2693 1087 procreet,
2740 1023 2888 1064 enu-

383 1114 587 1175 merat
626 1110 822 1174 etiam
859 1106 952 1195 (p.
980 1105 1141 1195 424)
1179 1130 1338 1173 uvas
1373 1128 1606 1192 easque
1644 1104 2043 1172 incredibilis
2089 1107 2222 1172 fere
2270 1108 2752 1195 magnitudinis,
2797 1108 2890 1171 ita

383 1221 455 1282 ut
502 1216 942 1303 intellegatur,
999 1215 1111 1299 qui
1157 1216 1418 1294 Λιξῖται
1462 1214 1676 1280 vivere
1724 1213 2058 1299 potuerint
2104 1214 2231 1281 ἀπὸ
2279 1214 2590 1300 ἀμπέλων
2636 1215 2890 1302 ἀγρίων

383 1322 492 1412 (cf.
537 1322 724 1388 Faus,
770 1322 802 1387 I
847 1326 952 1407 33,
998 1319 1154 1410 5)3).

561 1429 871 1495 Effecisse
925 1428 1085 1494 mihi
1148 1428 1371 1494 videor
1424 1427 1596 1513 quod
1654 1428 1981 1514 volebam,
2043 1452 2277 1513 nempe
2333 1432 2406 1494 ut
2471 1428 2891 1514 ostenderem,

386 1542 590 1603 totam
634 1537 972 1602 Hannonis
1016 1536 1396 1601 relationem
1435 1536 1680 1621 optime
1726 1535 2037 1600 hodierno
2085 1536 2371 1623 regionis
2413 1536 2612 1600 statui
2657 1535 2891 1601 incola-

383 1666 653 1728 rumque
700 1643 1060 1708 condicioni
1108 1643 1466 1728 convenire,
1510 1644 1604 1708 ita
1649 1648 1724 1710 ut
1771 1642 2193 1708 audacissimo
2239 1643 2336 1707 illi
2376 1641 2894 1729 Carthaginiensi

384 1751 713 1817 occiduam
777 1750 1026 1835 Libyae
1087 1774 1266 1817 oram
1329 1750 1535 1816 multo
1611 1750 1971 1817 accuratius
2042 1754 2264 1815 notam
2336 1749 2534 1815 fuisse
2601 1749 2893 1834 quamvis

382 1858 569 1923 inviti
633 1858 977 1924 concedere
1051 1859 1400 1923 debeamus
1473 1880 1667 1944 quam
1729 1857 1922 1923 nobis
1995 1857 2122 1922 fuit
2194 1879 2396 1942 usque
2472 1856 2554 1920 ad
2615 1856 2893 1921 mediam

381 1965 583 2030 ferme
626 1966 821 2030 huius
869 1965 1103 2030 saeculi
1150 1968 1444 2029 aetatem.
1529 1964 1735 2030 Simul
1781 1986 1932 2028 vero
1981 1969 2129 2029 ante
2178 1964 2397 2030 oculos
2443 1963 2732 2048 positum
2778 1968 2895 2048 est,

386 2094 662 2156 quanam
715 2072 1207 2157 probabilitatis
1262 2072 1475 2157 specie
1522 2094 1560 2136 a
1616 2070 1822 2135 doctis
1881 2069 2268 2154 quibusdam
2321 2070 2478 2135 viris
2525 2071 2895 2135 dubitatum

387 2179 488 2263 sit,
534 2184 752 2244 utrum
796 2179 1032 2245 Hanno
1080 2202 1302 2244 revera
1347 2180 1519 2245 hunc
1566 2177 1798 2243 adierit
1845 2199 1992 2241 orae
2038 2180 2346 2261 tractum,
2394 2199 2476 2241 an
2521 2178 2711 2243 fictus
2759 2182 2895 2241 tan-

384 2291 526 2350 tum
570 2287 1183 2371 commenticiusque
1241 2286 1450 2352 omnis
1505 2286 1798 2372 periplus
1846 2282 2023 2372 sit4):
2088 2284 2244 2349 talia
2288 2284 2449 2371 fingi
2505 2284 2643 2349 sine
2689 2284 2895 2349 minu-

382 2393 550 2457 tiosa
596 2397 804 2459 terrae
848 2393 1084 2458 notitia
1132 2393 1394 2458 omnino
1439 2397 1789 2477 nequeunt.

559 2498 664 2564 Ad
710 2500 1006 2565 ultimam
1052 2499 1256 2587 igitur
1291 2502 1458 2566 hanc
1495 2500 1835 2566 Hannonis
1874 2498 2193 2565 coloniam
2230 2521 2451 2586 usque,
2500 2520 2662 2584 quae
2702 2522 2896 2585 quam

383 2606 723 2691 aptissimo
776 2607 918 2672 loco
976 2607 1055 2671 ad
1116 2607 1496 2673 commercia
1552 2630 1698 2672 cum
1754 2606 2080 2672 interioris
2126 2606 2371 2691 Libyae
2428 2607 2736 2693 gentibus
2782 2608 2895 2671 mi-

389 2713 624 2777 scenda
669 2713 926 2778 condita
970 2714 1184 2799 fuerit,
1231 2715 1615 2780 documento
1664 2720 1817 2781 sunt
1856 2737 2017 2800 quae
2057 2714 2231 2799 apud
2271 2713 2599 2799 Scylacem
2636 2713 2706 2802 (ξ
2737 2712 2897 2801 112)

384 2819 695 2907 leguntur
712 2869 730 2903 ,
800 2820 928 2884 nisi
993 2820 1205 2885 omnia
1268 2845 1370 2886 me
1434 2821 1670 2887 fallunt
1688 2874 1706 2907 ,
1780 2823 1945 2887 bene
2009 2820 2263 2886 itineris
2324 2821 2667 2886 Hannonei
2730 2822 2894 2885 ratio

384 2926 603 3011 potuit
657 2926 991 3013 explicari,
1056 2950 1202 2994 cum
1256 2924 1463 2994 multo
1519 2929 1859 2995 afflictiore
1925 2928 2296 2994 condicione
2362 2929 2492 2993 sint
2550 2950 2711 3013 quae
2767 2927 2897 2991 iam

385 3037 765 3120 sequuntur3
829 3057 1051 3100 causas
1059 3086 1077 3120 ,
1143 3058 1256 3100 cur
1315 3036 1422 3101 hic
1488 3037 1558 3102 in
1622 3036 1965 3126 praecipiti
2033 3059 2361 3102 versemur
2433 3036 2551 3100 has
2616 3036 2894 3100 afferam.

388 3130 678 3204 Primum
722 3141 957 3207 Hanno
997 3141 1138 3228 ipse
1187 3141 1284 3230 (id
1322 3144 1494 3227 quod
1530 3144 1810 3209 maxime
1849 3144 1930 3209 ad
1968 3147 2322 3209 extremam
2358 3142 2598 3229 peripli
2643 3146 2896 3226 partem

385 3246 610 3311 referri
665 3245 844 3334 volo)
899 3272 1032 3315 non
1095 3249 1222 3314 nisi
1278 3251 1715 3338 perfunctorie
1762 3251 2061 3337 regiones
2108 3249 2417 3315 describit
2472 3271 2546 3313 ac
2602 3249 2896 3332 saepiens

370 3354 580 3419 etiam
644 3354 1096 3421 distantiarum
1159 3360 1348 3422 notas
1404 3357 1634 3422 addere
1698 3356 1991 3444 neglexit
2047 3355 2203 3444 (nisi
2258 3357 2426 3421 forte
2480 3355 2897 3420 librariorum

384 3462 575 3546 culpa
621 3462 1012 3548 exciderunt,
1061 3485 1186 3548 qua
1234 3464 1311 3528 de
1349 3487 1418 3529 re
1456 3464 1624 3529 infra
1669 3461 1906 3550 agam).
1989 3463 2258 3529 Accedit
2295 3464 2469 3529 aliud
2514 3487 2647 3529 non
2683 3465 2897 3529 minus

386 3591 610 3655 grave:
646 3568 946 3632 videlicet
982 3575 1133 3653 post
1162 3570 1549 3636 Hannonem
1584 3571 1910 3635 neminem
1946 3571 2221 3636 vetustis
2258 3571 2665 3655 temporibus
2702 3571 2896 3656 longe

385 3676 559 3740 ultra
596 3675 1117 3759 promunturium
1148 3679 1432 3761 Bojador
1466 3676 1802 3743 meridiem
1838 3702 2061 3744 versus
2098 3701 2514 3766 progressum
2554 3701 2691 3743 esse
2729 3677 2898 3742 infra

565 3854 618 3922 1)
654 3852 724 3909 cf.
768 3854 880 3907 Pet.
923 3870 1054 3909 ann.
1100 3859 1235 3908 1859
1273 3872 1325 3923 p.
1362 3859 1458 3908 101
1486 3872 1564 3923 sq.

564 3943 621 4011 2)
658 3941 728 3998 cf.
767 3943 881 3998 Pet.
922 3961 1054 3999 ann.
1098 3944 1234 3999 1877
1271 3962 1326 4013 p.
1357 3950 1478 3999 422.

563 4031 618 4099 3)
656 4028 726 4087 cf.
774 4030 974 4099 Barth,
1030 4032 1233 4088 Reisen
1283 4034 1348 4087 in
1383 4033 1578 4089 'Nord-
1626 4051 1681 4090 u.
1729 4034 2150 4101 Zentralafrika
2195 4033 2221 4087 I
2267 4054 2322 4105 p.
2361 4042 2482 4093 210.
2566 4036 2897 4106 Nachtigall

381 4118 420 4175 1.
457 4118 496 4172 1.
533 4117 560 4171 I
597 4125 718 4177 307.
792 4119 1018 4189 Rohlfs,
1068 4123 1214 4193 Quer
1262 4125 1440 4179 durch
1475 4122 1682 4191 Afrilca
1725 4125 1750 4177 I
1790 4129 1909 4178 110.
1984 4123 2133 4194 Bai-y
2169 4124 2320 4181 Berl.
2362 4127 2622 4182 Zeitschr.
2660 4128 2702 4193 f.
2742 4127 2890 4182 Erd-

381 4206 564 4263 kunde
594 4212 731 4264 1878
766 4228 824 4280 p.
853 4214 1011 4264 351.·
1120 4210 1125 4215 ·

564 4297 619 4366 4)
656 4295 933 4366 Agressus
972 4299 1061 4353 est
1095 4298 1427 4355 Hannonem
1462 4301 1738 4373 imprimis
1778 4301 2035 4371 Tauxier‚
2075 4303 2122 4358 le
2150 4303 2365 4373 pe'riple
2399 4304 2713 4359 d’Hawmm
2748 4308 2799 4359 et
2837 4306 2894 4360 la

383 4387 694 4442 de'couvem
748 4387 826 4441 du
880 4386 1136 4458 Sdndyal:
1193 4388 1241 4442 le
1291 4389 1458 4445 Globe
1507 4396 1641 4445 1867
1702 4410 1755 4461 p.
1796 4397 1898 4446 333
1922 4408 2071 4460 sqq.;
2128 4392 2186 4446 la
2239 4392 2418 4464 Libye
2471 4410 2591 4448 ane.
2650 4394 2743 4449 des
2796 4396 2894 4449 col.

384 4474 610 4530 d'Herc.
650 4491 728 4529 au
762 4476 934 4544 fleuve
970 4476 1135 4531 Sala.-
1173 4492 1306 4531 ann.
1345 4478 1397 4532 d.
1436 4495 1555 4549 voy.
1597 4484 1734 4534 1867
1773 4497 1829 4549 p.
1858 4485 2052 4549 5sqq.;
2092 4481 2162 4535 cf.
2204 4481 2262 4535 G.
2293 4481 2365 4536 R.
2404 4483 2562 4537 acad.
2600 4483 2692 4538 des
2727 4485 2894 4540 inser.

384 4563 463 4617 lV
492 4562 652 4630 serie,
691 4562 743 4617 II
774 4567 913 4617 1874
949 4581 1003 4633 p.
1034 4571 1191 4619 325-
1212 4570 1298 4619 29.
1365 4565 1728 4636 Impugnavit
1753 4567 2086 4623 Tauxierum
2117 4570 2499 4624 Hartmannus
2536 4571 2593 4639 (1.
2623 4571 2660 4624 l.
2692 4590 2747 4641 p.
2779 4575 2893 4643 65);

392 4653 461 4706 cf.
504 4654 618 4707 Per.
659 4670 790 4709 ann.
834 4658 970 4708 1868
1007 4670 1059 4722 p.
1094 4660 1210 4708 186.

2392 4747 2469 4802 3*
