<?xml version="1.0" encoding="UTF-8"?>
<!DOCTYPE html PUBLIC "-//W3C//DTD XHTML 1.0 Transitional//EN"
    "http://www.w3.org/TR/xhtml1/DTD/xhtml1-transitional.dtd">
<html xmlns="http://www.w3.org/1999/xhtml" xml:lang="en" lang="en">
 <head>
  <title>
</title>
<meta http-equiv="Content-Type" content="text/html;charset=utf-8" />
  <meta name='ocr-system' content='tesseract 3.04.00' />
  <meta name='ocr-capabilities' content='ocr_page ocr_carea ocr_par ocr_line ocrx_word'/>
</head>
<body>
  <div class='ocr_page' id='page_1' title='image "./dehannoniscarth00fiscgoog_0022.png"; bbox 0 0 3467 5334; ppageno 0'>
   <div class='ocr_carea' id='block_1_1' title="bbox 513 379 1903 448">
    <p class='ocr_par' dir='ltr' id='par_1_1' title="bbox 513 379 1903 448">
     <span class='ocr_line' id='line_1_1' title="bbox 513 379 1903 448; baseline -0.01 0"><span class='ocrx_word' id='word_1_1' title='bbox 513 384 601 448; x_wconf 86' lang='grc'>14</span> <span class='ocrx_word' id='word_1_2' title='bbox 1641 379 1826 448; x_wconf 87' lang='lat' dir='ltr'>Caput</span> <span class='ocrx_word' id='word_1_3' title='bbox 1860 379 1903 434; x_wconf 96' lang='lat' dir='ltr'>I.</span> 
     </span>
    </p>
   </div>
   <div class='ocr_carea' id='block_1_2' title="bbox 424 532 3028 3742">
    <p class='ocr_par' dir='ltr' id='par_1_2' title="bbox 499 532 3024 953">
     <span class='ocr_line' id='line_1_2' title="bbox 511 532 3024 631; baseline -0.003 -21"><span class='ocrx_word' id='word_1_4' title='bbox 511 545 755 631; x_wconf 84' lang='lat' dir='ltr'>passim</span> <span class='ocrx_word' id='word_1_5' title='bbox 793 546 861 611; x_wconf 94' lang='lat' dir='ltr'>in</span> <span class='ocrx_word' id='word_1_6' title='bbox 890 544 1172 610; x_wconf 78' lang='lat' dir='ltr'>occiduis</span> <span class='ocrx_word' id='word_1_7' title='bbox 1210 542 1586 631; x_wconf 77' lang='lat' dir='ltr'>regionibus</span> <span class='ocrx_word' id='word_1_8' title='bbox 1613 540 2028 627; x_wconf 89' lang='lat' dir='ltr'>reperiuntur</span> <span class='ocrx_word' id='word_1_9' title='bbox 2065 562 2287 606; x_wconf 91' lang='lat' dir='ltr'>eorum</span> <span class='ocrx_word' id='word_1_10' title='bbox 2316 532 2633 626; x_wconf 84' lang='lat' dir='ltr'>imagines</span> <span class='ocrx_word' id='word_1_11' title='bbox 2660 539 3024 624; x_wconf 91' lang='lat' dir='ltr'>insculptae</span> 
     </span>
     <span class='ocr_line' id='line_1_3' title="bbox 502 644 3023 738; baseline -0.003 -20"><span class='ocrx_word' id='word_1_12' title='bbox 502 653 830 738; x_wconf 83' lang='lat' dir='ltr'>lapidibus</span> <span class='ocrx_word' id='word_1_13' title='bbox 887 675 1162 738; x_wconf 93' lang='lat' dir='ltr'>quorum</span> <span class='ocrx_word' id='word_1_14' title='bbox 1217 673 1520 737; x_wconf 89' lang='lat' dir='ltr'>magnam</span> <span class='ocrx_word' id='word_1_15' title='bbox 1575 653 1830 734; x_wconf 87' lang='lat' dir='ltr'>partem</span> <span class='ocrx_word' id='word_1_16' title='bbox 1875 652 2169 714; x_wconf 89' lang='lat' dir='ltr'>accurate</span> <span class='ocrx_word' id='word_1_17' title='bbox 2218 646 2524 712; x_wconf 75' lang='lat' dir='ltr'>describit</span> <span class='ocrx_word' id='word_1_18' title='bbox 2569 644 3023 733; x_wconf 82' lang='lat' dir='ltr'>Duveyrier¹);</span> 
     </span>
     <span class='ocr_line' id='line_1_4' title="bbox 499 753 3022 839; baseline -0.003 -14"><span class='ocrx_word' id='word_1_19' title='bbox 499 760 807 825; x_wconf 87' lang='lat' dir='ltr'>nimirum</span> <span class='ocrx_word' id='word_1_20' title='bbox 865 759 1144 824; x_wconf 76' lang='lat' dir='ltr'>deterior</span> <span class='ocrx_word' id='word_1_21' title='bbox 1199 759 1370 823; x_wconf 87' lang='lat' dir='ltr'>facta</span> <span class='ocrx_word' id='word_1_22' title='bbox 1428 762 1527 822; x_wconf 90' lang='lat' dir='ltr'>est</span> <span class='ocrx_word' id='word_1_23' title='bbox 1579 756 1814 821; x_wconf 91' lang='lat' dir='ltr'>harum</span> <span class='ocrx_word' id='word_1_24' title='bbox 1858 760 2176 821; x_wconf 90' lang='lat' dir='ltr'>terrarum</span> <span class='ocrx_word' id='word_1_25' title='bbox 2222 754 2540 838; x_wconf 83' lang='lat' dir='ltr'>condicio,</span> <span class='ocrx_word' id='word_1_26' title='bbox 2596 776 2760 839; x_wconf 87' lang='lat' dir='ltr'>quae</span> <span class='ocrx_word' id='word_1_27' title='bbox 2815 753 3022 819; x_wconf 84' lang='lat' dir='ltr'>siccae</span> 
     </span>
     <span class='ocr_line' id='line_1_5' title="bbox 503 858 2797 953; baseline -0.002 -23"><span class='ocrx_word' id='word_1_28' title='bbox 503 867 922 953; x_wconf 72' lang='lat' dir='ltr'>desertaeque</span> <span class='ocrx_word' id='word_1_29' title='bbox 967 888 1140 932; x_wconf 91' lang='lat' dir='ltr'>nunc</span> <span class='ocrx_word' id='word_1_30' title='bbox 1185 866 1415 950; x_wconf 83' lang='lat' dir='ltr'>iacent,</span> <span class='ocrx_word' id='word_1_31' title='bbox 1460 887 1606 929; x_wconf 89' lang='lat' dir='ltr'>cum</span> <span class='ocrx_word' id='word_1_32' title='bbox 1653 864 1976 949; x_wconf 90' lang='lat' dir='ltr'>quondam</span> <span class='ocrx_word' id='word_1_33' title='bbox 2023 861 2495 927; x_wconf 84' lang='lat' dir='ltr'>abundaverint</span> <span class='ocrx_word' id='word_1_34' title='bbox 2541 883 2709 946; x_wconf 87' lang='lat' dir='ltr'>aqua</span> <span class='ocrx_word' id='word_1_35' title='bbox 2723 858 2797 948; x_wconf 83' lang='grc'>2).</span> 
     </span>
    </p>

    <p class='ocr_par' dir='ltr' id='par_1_3' title="bbox 502 969 3021 1379">
     <span class='ocr_line' id='line_1_6' title="bbox 678 969 3021 1057; baseline -0.002 -18"><span class='ocrx_word' id='word_1_36' title='bbox 678 973 816 1040; x_wconf 87' lang='lat' dir='ltr'>Iam</span> <span class='ocrx_word' id='word_1_37' title='bbox 851 996 1004 1039; x_wconf 83' lang='lat' dir='ltr'>vero</span> <span class='ocrx_word' id='word_1_38' title='bbox 1042 973 1429 1057; x_wconf 85' lang='lat' dir='ltr'>explicatius</span> <span class='ocrx_word' id='word_1_39' title='bbox 1466 971 1907 1036; x_wconf 89' lang='lat' dir='ltr'>disserendum</span> <span class='ocrx_word' id='word_1_40' title='bbox 1946 975 2044 1036; x_wconf 89' lang='lat' dir='ltr'>est</span> <span class='ocrx_word' id='word_1_41' title='bbox 2082 971 2159 1035; x_wconf 90' lang='lat' dir='ltr'>de</span> <span class='ocrx_word' id='word_1_42' title='bbox 2197 970 2373 1035; x_wconf 87' lang='lat' dir='ltr'>hisce</span> <span class='ocrx_word' id='word_1_43' title='bbox 2402 969 2743 1034; x_wconf 87' lang='lat' dir='ltr'>Hannonis</span> <span class='ocrx_word' id='word_1_44' title='bbox 2777 969 3021 1034; x_wconf 87' lang='lat' dir='ltr'>verbis:</span> 
     </span>
     <span class='ocr_line' id='line_1_7' title="bbox 515 1076 3019 1167; baseline -0.002 -21"><span class='ocrx_word' id='word_1_45' title='bbox 515 1085 652 1166; x_wconf 80' lang='grc' dir='ltr'><strong><em>Τήν</em></strong></span> <span class='ocrx_word' id='word_1_46' title='bbox 704 1105 776 1147; x_wconf 90' lang='grc' dir='ltr'>τε</span> <span class='ocrx_word' id='word_1_47' title='bbox 829 1083 1073 1167; x_wconf 82' lang='grc' dir='ltr'><strong><em>λίμνην</em></strong></span> <span class='ocrx_word' id='word_1_48' title='bbox 1128 1078 1661 1166; x_wconf 77' lang='grc' dir='ltr'><strong><em>παραλλάξαντες</em></strong></span> <span class='ocrx_word' id='word_1_49' title='bbox 1716 1079 1880 1144; x_wconf 82' lang='grc' dir='ltr'><strong><em>ὅσον</em></strong></span> <span class='ocrx_word' id='word_1_50' title='bbox 1942 1076 2191 1164; x_wconf 77' lang='grc' dir='ltr'><strong><em>ἡμέρας</em></strong></span> <span class='ocrx_word' id='word_1_51' title='bbox 2253 1082 2500 1161; x_wconf 84' lang='grc' dir='ltr'><strong><em>πλοῦν,</em></strong></span> <span class='ocrx_word' id='word_1_52' title='bbox 2563 1079 3019 1166; x_wconf 75' lang='grc' dir='ltr'><strong><em>κατῳκίσαμεν</em></strong></span> 
     </span>
     <span class='ocr_line' id='line_1_8' title="bbox 502 1181 3019 1274; baseline -0.002 -20"><span class='ocrx_word' id='word_1_53' title='bbox 502 1191 728 1267; x_wconf 85' lang='grc' dir='ltr'><strong><em>πόλεις</em></strong></span> <span class='ocrx_word' id='word_1_54' title='bbox 771 1189 940 1274; x_wconf 78' lang='grc' dir='ltr'><strong><em>πρὸς</em></strong></span> <span class='ocrx_word' id='word_1_55' title='bbox 982 1196 1062 1273; x_wconf 77' lang='grc' dir='ltr'>τῇ</span> <span class='ocrx_word' id='word_1_56' title='bbox 1099 1187 1400 1273; x_wconf 79' lang='grc' dir='ltr'><strong><em>θαλάττῃ</em></strong></span> <span class='ocrx_word' id='word_1_57' title='bbox 1444 1183 1858 1269; x_wconf 78' lang='grc' dir='ltr'><strong><em>καλουμένας</em></strong></span> <span class='ocrx_word' id='word_1_58' title='bbox 1895 1188 2196 1271; x_wconf 77' lang='grc' dir='ltr'><strong><em>Καρικόν</em></strong></span> <span class='ocrx_word' id='word_1_59' title='bbox 2233 1208 2303 1251; x_wconf 89' lang='grc' dir='ltr'>τε</span> <span class='ocrx_word' id='word_1_60' title='bbox 2349 1194 2564 1270; x_wconf 80' lang='grc' dir='ltr'><strong><em>τεῖχος</em></strong></span> <span class='ocrx_word' id='word_1_61' title='bbox 2607 1181 2719 1250; x_wconf 86' lang='grc' dir='ltr'><strong><em>καὶ</em></strong></span> <span class='ocrx_word' id='word_1_62' title='bbox 2757 1185 3019 1267; x_wconf 86' lang='grc' dir='ltr'><strong><em>Γύττην</em></strong></span> 
     </span>
     <span class='ocr_line' id='line_1_9' title="bbox 503 1291 1989 1379; baseline -0.002 -18"><span class='ocrx_word' id='word_1_63' title='bbox 503 1293 615 1361; x_wconf 86' lang='grc' dir='ltr'><strong><em>καὶ</em></strong></span> <span class='ocrx_word' id='word_1_64' title='bbox 643 1294 896 1379; x_wconf 77' lang='grc' dir='ltr'><strong><em>’Ἀκραν</em></strong></span> <span class='ocrx_word' id='word_1_65' title='bbox 941 1292 1053 1360; x_wconf 85' lang='grc' dir='ltr'><strong><em>καὶ</em></strong></span> <span class='ocrx_word' id='word_1_66' title='bbox 1096 1292 1436 1360; x_wconf 80' lang='grc' dir='ltr'><strong><em>Μέλιτταν</em></strong></span> <span class='ocrx_word' id='word_1_67' title='bbox 1480 1291 1592 1359; x_wconf 85' lang='grc' dir='ltr'><strong><em>καὶ</em></strong></span> <span class='ocrx_word' id='word_1_68' title='bbox 1621 1292 1989 1379; x_wconf 51' lang='grc' dir='ltr'><strong><em>’Ἁραμβυικ</em></strong></span> 
     </span>
    </p>

    <p class='ocr_par' dir='ltr' id='par_1_4' title="bbox 424 1399 3028 3742">
     <span class='ocr_line' id='line_1_10' title="bbox 677 1399 3018 1487; baseline -0.001 -21"><span class='ocrx_word' id='word_1_69' title='bbox 677 1401 1066 1486; x_wconf 85' lang='lat' dir='ltr'>Priusquam</span> <span class='ocrx_word' id='word_1_70' title='bbox 1120 1401 1201 1466; x_wconf 88' lang='lat' dir='ltr'>ad</span> <span class='ocrx_word' id='word_1_71' title='bbox 1256 1400 1517 1487; x_wconf 88' lang='lat' dir='ltr'>singula</span> <span class='ocrx_word' id='word_1_72' title='bbox 1571 1400 1946 1465; x_wconf 88' lang='lat' dir='ltr'>accedamus</span> <span class='ocrx_word' id='word_1_73' title='bbox 1955 1449 1972 1483; x_wconf 90' lang='lat'><em>‚</em></span> <span class='ocrx_word' id='word_1_74' title='bbox 2038 1421 2244 1484; x_wconf 89' lang='lat' dir='ltr'>pauca</span> <span class='ocrx_word' id='word_1_75' title='bbox 2298 1399 2367 1464; x_wconf 92' lang='lat' dir='ltr'>in</span> <span class='ocrx_word' id='word_1_76' title='bbox 2423 1399 2792 1464; x_wconf 85' lang='lat' dir='ltr'>universum</span> <span class='ocrx_word' id='word_1_77' title='bbox 2838 1420 3018 1483; x_wconf 89' lang='lat' dir='ltr'>prae-</span> 
     </span>
     <span class='ocr_line' id='line_1_11' title="bbox 502 1505 3019 1594; baseline -0.002 -20"><span class='ocrx_word' id='word_1_78' title='bbox 502 1510 704 1574; x_wconf 87' lang='lat' dir='ltr'>fabor.</span> <span class='ocrx_word' id='word_1_79' title='bbox 780 1509 950 1586; x_wconf 86' lang='lat' dir='ltr'>Quin</span> <span class='ocrx_word' id='word_1_80' title='bbox 986 1531 1106 1593; x_wconf 93' lang='lat' dir='ltr'>pro</span> <span class='ocrx_word' id='word_1_81' title='bbox 1146 1511 1452 1592; x_wconf 91' lang='lat' dir='ltr'>corrupta</span> <span class='ocrx_word' id='word_1_82' title='bbox 1489 1507 1725 1572; x_wconf 88' lang='lat' dir='ltr'>codicis</span> <span class='ocrx_word' id='word_1_83' title='bbox 1764 1506 2041 1571; x_wconf 92' lang='lat' dir='ltr'>lectione</span> <span class='ocrx_word' id='word_1_84' title='bbox 2079 1509 2551 1594; x_wconf 72' lang='grc' dir='ltr'><strong><em>κατῳκήσαμεν</em></strong></span> <span class='ocrx_word' id='word_1_85' title='bbox 2589 1529 2735 1571; x_wconf 87' lang='grc'><strong>611111</strong></span> <span class='ocrx_word' id='word_1_86' title='bbox 2762 1505 3019 1592; x_wconf 89' lang='lat' dir='ltr'>KIugeo</span> 
     </span>
     <span class='ocr_line' id='line_1_12' title="bbox 503 1612 3024 1704; baseline -0.002 -24"><span class='ocrx_word' id='word_1_87' title='bbox 503 1616 974 1681; x_wconf 90' lang='lat' dir='ltr'>restituendum</span> <span class='ocrx_word' id='word_1_88' title='bbox 1021 1615 1109 1680; x_wconf 88' lang='lat' dir='ltr'>sit</span> <span class='ocrx_word' id='word_1_89' title='bbox 1145 1617 1621 1704; x_wconf 72' lang='grc' dir='ltr'><strong><em>κατῳκίσαμεν,</em></strong></span> <span class='ocrx_word' id='word_1_90' title='bbox 1670 1613 2077 1678; x_wconf 88' lang='lat' dir='ltr'>dubitatione</span> <span class='ocrx_word' id='word_1_91' title='bbox 2113 1617 2327 1679; x_wconf 87' lang='lat' dir='ltr'>vacat:</span> <span class='ocrx_word' id='word_1_92' title='bbox 2374 1613 2501 1678; x_wconf 90' lang='lat' dir='ltr'>alia</span> <span class='ocrx_word' id='word_1_93' title='bbox 2539 1618 2756 1679; x_wconf 90' lang='lat' dir='ltr'>autem</span> <span class='ocrx_word' id='word_1_94' title='bbox 2804 1612 3024 1678; x_wconf 84' lang='lat' dir='ltr'>existit</span> 
     </span>
     <span class='ocr_line' id='line_1_13' title="bbox 504 1720 3024 1808; baseline -0.002 -20"><span class='ocrx_word' id='word_1_95' title='bbox 504 1723 825 1808; x_wconf 87' lang='lat' dir='ltr'>quaesti0‚</span> <span class='ocrx_word' id='word_1_96' title='bbox 872 1723 1179 1808; x_wconf 89' lang='lat' dir='ltr'>quidnam</span> <span class='ocrx_word' id='word_1_97' title='bbox 1224 1721 1383 1787; x_wconf 88' lang='lat' dir='ltr'>haec</span> <span class='ocrx_word' id='word_1_98' title='bbox 1428 1743 1554 1787; x_wconf 86' lang='lat' dir='ltr'>vox</span> <span class='ocrx_word' id='word_1_99' title='bbox 1603 1721 1942 1808; x_wconf 89' lang='lat' dir='ltr'>significet.</span> <span class='ocrx_word' id='word_1_100' title='bbox 2032 1720 2212 1787; x_wconf 89' lang='lat' dir='ltr'>Idem</span> <span class='ocrx_word' id='word_1_101' title='bbox 2264 1721 2436 1786; x_wconf 90' lang='lat' dir='ltr'>enim</span> <span class='ocrx_word' id='word_1_102' title='bbox 2482 1721 2776 1808; x_wconf 89' lang='lat' dir='ltr'>KIugeus</span> <span class='ocrx_word' id='word_1_103' title='bbox 2823 1720 3024 1785; x_wconf 90' lang='lat' dir='ltr'>omni-</span> 
     </span>
     <span class='ocr_line' id='line_1_14' title="bbox 507 1828 3025 1917; baseline -0.001 -22"><span class='ocrx_word' id='word_1_104' title='bbox 507 1831 628 1895; x_wconf 91' lang='lat' dir='ltr'>bus</span> <span class='ocrx_word' id='word_1_105' title='bbox 642 1828 714 1917; x_wconf 73' lang='grc'>3),</span> <span class='ocrx_word' id='word_1_106' title='bbox 747 1830 819 1894; x_wconf 90' lang='grc'>111</span> <span class='ocrx_word' id='word_1_107' title='bbox 855 1830 1064 1913; x_wconf 74' lang='lat' dir='ltr'>fallor,</span> <span class='ocrx_word' id='word_1_108' title='bbox 1101 1828 1257 1894; x_wconf 84' lang='lat' dir='ltr'>viris</span> <span class='ocrx_word' id='word_1_109' title='bbox 1296 1829 1503 1895; x_wconf 89' lang='lat' dir='ltr'>doctis</span> <span class='ocrx_word' id='word_1_110' title='bbox 1541 1829 1608 1893; x_wconf 90' lang='lat' dir='ltr'>id</span> <span class='ocrx_word' id='word_1_111' title='bbox 1643 1829 1986 1914; x_wconf 85' lang='lat' dir='ltr'>persuasit,</span> <span class='ocrx_word' id='word_1_112' title='bbox 2033 1832 2273 1913; x_wconf 83' lang='grc' dir='ltr'><strong><em>κτίζειν</em></strong></span> <span class='ocrx_word' id='word_1_113' title='bbox 2310 1852 2449 1894; x_wconf 89' lang='grc'><strong>6666</strong></span> <span class='ocrx_word' id='word_1_114' title='bbox 2480 1828 2770 1913; x_wconf 85' lang='grc'><strong>6011(161·6,</strong></span> <span class='ocrx_word' id='word_1_115' title='bbox 2806 1851 3025 1894; x_wconf 89' lang='grc' dir='ltr'><strong><em>κατοι-</em></strong></span> 
     </span>
     <span class='ocr_line' id='line_1_15' title="bbox 506 1935 3024 2021; baseline -0.002 -18"><span class='ocrx_word' id='word_1_116' title='bbox 506 1941 709 2017; x_wconf 85' lang='grc' dir='ltr'><strong><em>κίζειν</em></strong></span> <span class='ocrx_word' id='word_1_117' title='bbox 762 1937 994 2002; x_wconf 89' lang='lat' dir='ltr'>urbem</span> <span class='ocrx_word' id='word_1_118' title='bbox 1051 1936 1160 2000; x_wconf 92' lang='lat' dir='ltr'>diu</span> <span class='ocrx_word' id='word_1_119' title='bbox 1215 1936 1346 2001; x_wconf 86' lang='lat' dir='ltr'>iam</span> <span class='ocrx_word' id='word_1_120' title='bbox 1402 1935 1726 2002; x_wconf 90' lang='lat' dir='ltr'>conditam</span> <span class='ocrx_word' id='word_1_121' title='bbox 1781 1935 1967 2001; x_wconf 83' lang='lat' dir='ltr'>novis</span> <span class='ocrx_word' id='word_1_122' title='bbox 2022 1935 2252 2001; x_wconf 88' lang='lat' dir='ltr'>incolis</span> <span class='ocrx_word' id='word_1_123' title='bbox 2305 1936 2741 2021; x_wconf 87' lang='lat' dir='ltr'>frequentare:</span> <span class='ocrx_word' id='word_1_124' title='bbox 2804 1935 3024 2019; x_wconf 87' lang='lat' dir='ltr'>itaque</span> 
     </span>
     <span class='ocr_line' id='line_1_16' title="bbox 506 2042 3026 2131; baseline -0.001 -22"><span class='ocrx_word' id='word_1_125' title='bbox 506 2045 790 2130; x_wconf 90' lang='lat' dir='ltr'>quinque</span> <span class='ocrx_word' id='word_1_126' title='bbox 837 2044 951 2109; x_wconf 87' lang='lat' dir='ltr'>illa</span> <span class='ocrx_word' id='word_1_127' title='bbox 995 2043 1264 2129; x_wconf 88' lang='lat' dir='ltr'>oppida,</span> <span class='ocrx_word' id='word_1_128' title='bbox 1320 2043 1654 2108; x_wconf 88' lang='lat' dir='ltr'>aedificata</span> <span class='ocrx_word' id='word_1_129' title='bbox 1699 2066 1739 2107; x_wconf 89' lang='lat' dir='ltr'>a</span> <span class='ocrx_word' id='word_1_130' title='bbox 1782 2042 2242 2127; x_wconf 87' lang='lat' dir='ltr'>Phoenicibus,</span> <span class='ocrx_word' id='word_1_131' title='bbox 2296 2066 2334 2107; x_wconf 92' lang='lat' dir='ltr'>a</span> <span class='ocrx_word' id='word_1_132' title='bbox 2382 2042 3026 2131; x_wconf 84' lang='lat' dir='ltr'>Carthaginiensibus</span> 
     </span>
     <span class='ocr_line' id='line_1_17' title="bbox 507 2149 3022 2239; baseline -0.001 -23"><span class='ocrx_word' id='word_1_133' title='bbox 507 2151 731 2239; x_wconf 85' lang='lat' dir='ltr'>augeri</span> <span class='ocrx_word' id='word_1_134' title='bbox 777 2151 988 2216; x_wconf 93' lang='lat' dir='ltr'>solum</span> <span class='ocrx_word' id='word_1_135' title='bbox 1034 2153 1100 2214; x_wconf 93' lang='lat' dir='ltr'>et</span> <span class='ocrx_word' id='word_1_136' title='bbox 1155 2149 1405 2215; x_wconf 84' lang='lat' dir='ltr'>civibus</span> <span class='ocrx_word' id='word_1_137' title='bbox 1453 2150 1729 2235; x_wconf 85' lang='lat' dir='ltr'>impleri.</span> <span class='ocrx_word' id='word_1_138' title='bbox 1819 2150 1913 2215; x_wconf 88' lang='lat' dir='ltr'>At</span> <span class='ocrx_word' id='word_1_139' title='bbox 1967 2150 2185 2215; x_wconf 90' lang='lat' dir='ltr'>futtile</span> <span class='ocrx_word' id='word_1_140' title='bbox 2231 2151 2355 2215; x_wconf 93' lang='lat' dir='ltr'>hoc</span> <span class='ocrx_word' id='word_1_141' title='bbox 2400 2150 2643 2238; x_wconf 90' lang='lat' dir='ltr'>Klugei</span> <span class='ocrx_word' id='word_1_142' title='bbox 2687 2172 3022 2237; x_wconf 87' lang='lat' dir='ltr'>argumen-</span> 
     </span>
     <span class='ocr_line' id='line_1_18' title="bbox 506 2256 3023 2342; baseline -0.001 -19"><span class='ocrx_word' id='word_1_143' title='bbox 506 2264 647 2324; x_wconf 93' lang='lat' dir='ltr'>tum</span> <span class='ocrx_word' id='word_1_144' title='bbox 704 2263 820 2324; x_wconf 89' lang='lat' dir='ltr'>est.</span> <span class='ocrx_word' id='word_1_145' title='bbox 911 2256 1202 2322; x_wconf 92' lang='lat' dir='ltr'>Primum</span> <span class='ocrx_word' id='word_1_146' title='bbox 1259 2257 1431 2321; x_wconf 89' lang='lat' dir='ltr'>enim</span> <span class='ocrx_word' id='word_1_147' title='bbox 1487 2262 1829 2342; x_wconf 91' lang='lat' dir='ltr'>utramque</span> <span class='ocrx_word' id='word_1_148' title='bbox 1885 2280 2023 2322; x_wconf 91' lang='lat' dir='ltr'>rem</span> <span class='ocrx_word' id='word_1_149' title='bbox 2077 2257 2391 2323; x_wconf 86' lang='lat' dir='ltr'>vocabulo</span> <span class='ocrx_word' id='word_1_150' title='bbox 2450 2261 2692 2337; x_wconf 83' lang='grc' dir='ltr'><strong><em>κτίζειν</em></strong></span> <span class='ocrx_word' id='word_1_151' title='bbox 2747 2257 3023 2342; x_wconf 88' lang='lat' dir='ltr'>exprimi</span> 
     </span>
     <span class='ocr_line' id='line_1_19' title="bbox 508 2363 3025 2449; baseline -0.001 -18"><span class='ocrx_word' id='word_1_152' title='bbox 508 2367 837 2431; x_wconf 83' lang='lat' dir='ltr'>evidenter</span> <span class='ocrx_word' id='word_1_153' title='bbox 874 2364 1159 2429; x_wconf 88' lang='lat' dir='ltr'>ostendit</span> <span class='ocrx_word' id='word_1_154' title='bbox 1187 2363 1579 2448; x_wconf 79' lang='lat' dir='ltr'>HerodotUS,</span> <span class='ocrx_word' id='word_1_155' title='bbox 1617 2365 1729 2449; x_wconf 92' lang='lat' dir='ltr'>qui</span> <span class='ocrx_word' id='word_1_156' title='bbox 1758 2363 1790 2429; x_wconf 93' lang='lat' dir='ltr'>I</span> <span class='ocrx_word' id='word_1_157' title='bbox 1822 2367 1949 2431; x_wconf 89' lang='grc'><strong>168</strong></span> <span class='ocrx_word' id='word_1_158' title='bbox 1978 2365 2163 2430; x_wconf 86' lang='lat' dir='ltr'>haec:</span> <span class='ocrx_word' id='word_1_159' title='bbox 2202 2367 2468 2431; x_wconf 82' lang='grc' dir='ltr'><strong><em>ἔκτισαν</em></strong></span> <span class='ocrx_word' id='word_1_160' title='bbox 2503 2368 2702 2431; x_wconf 84' lang='grc' dir='ltr'><strong><em>πόλιν</em></strong></span> <span class='ocrx_word' id='word_1_161' title='bbox 2723 2363 3025 2449; x_wconf 73' lang='grc' dir='ltr'><strong><em>’Ἄβδηρα</em></strong></span> 
     </span>
     <span class='ocr_line' id='line_1_20' title="bbox 507 2468 3023 2561; baseline -0.001 -22"><span class='ocrx_word' id='word_1_162' title='bbox 507 2475 630 2558; x_wconf 84' lang='grc' dir='ltr'><strong><em>τὴν</em></strong></span> <span class='ocrx_word' id='word_1_163' title='bbox 697 2477 1017 2559; x_wconf 77' lang='grc' dir='ltr'><strong><em>πρότερος</em></strong></span> <span class='ocrx_word' id='word_1_164' title='bbox 1076 2472 1337 2536; x_wconf 82' lang='grc' dir='ltr'><strong><em>τούτων</em></strong></span> <span class='ocrx_word' id='word_1_165' title='bbox 1400 2475 1718 2557; x_wconf 78' lang='grc' dir='ltr'><strong><em>Τιμήσιος</em></strong></span> <span class='ocrx_word' id='word_1_166' title='bbox 1780 2475 2007 2550; x_wconf 81' lang='grc' dir='ltr'><strong><em>κτίσας</em></strong></span> <span class='ocrx_word' id='word_1_167' title='bbox 2071 2473 2194 2538; x_wconf 86' lang='grc' dir='ltr'><strong><em>οὐκ</em></strong></span> <span class='ocrx_word' id='word_1_168' title='bbox 2248 2472 2556 2557; x_wconf 79' lang='grc' dir='ltr'><strong><em>ἄπώνητο</em></strong></span> <span class='ocrx_word' id='word_1_169' title='bbox 2613 2470 2721 2561; x_wconf 86' lang='lat' dir='ltr'>(cf.</span> <span class='ocrx_word' id='word_1_170' title='bbox 2766 2470 2800 2535; x_wconf 98' lang='lat' dir='ltr'>I</span> <span class='ocrx_word' id='word_1_171' title='bbox 2847 2468 3023 2557; x_wconf 81' lang='lat'>167).</span> 
     </span>
     <span class='ocr_line' id='line_1_21' title="bbox 509 2577 3025 2663; baseline -0.001 -18"><span class='ocrx_word' id='word_1_172' title='bbox 509 2580 735 2645; x_wconf 85' lang='lat' dir='ltr'>Omnis</span> <span class='ocrx_word' id='word_1_173' title='bbox 791 2584 1008 2644; x_wconf 87' lang='lat' dir='ltr'>autem</span> <span class='ocrx_word' id='word_1_174' title='bbox 1065 2577 1384 2642; x_wconf 89' lang='lat' dir='ltr'>dubitatio</span> <span class='ocrx_word' id='word_1_175' title='bbox 1393 2630 1412 2663; x_wconf 89' lang='lat'><em>‚</em></span> <span class='ocrx_word' id='word_1_176' title='bbox 1478 2582 1697 2644; x_wconf 92' lang='lat' dir='ltr'>utrum</span> <span class='ocrx_word' id='word_1_177' title='bbox 1753 2583 2144 2659; x_wconf 82' lang='grc' dir='ltr'><strong><em>κατοικίζειν</em></strong></span> <span class='ocrx_word' id='word_1_178' title='bbox 2199 2580 2580 2645; x_wconf 89' lang='lat' dir='ltr'>exhibeatur</span> <span class='ocrx_word' id='word_1_179' title='bbox 2639 2580 2715 2643; x_wconf 90' lang='lat' dir='ltr'>de</span> <span class='ocrx_word' id='word_1_180' title='bbox 2763 2578 3025 2663; x_wconf 90' lang='lat' dir='ltr'>oppidis</span> 
     </span>
     <span class='ocr_line' id='line_1_22' title="bbox 509 2685 3025 2772; baseline -0.001 -20"><span class='ocrx_word' id='word_1_181' title='bbox 509 2689 793 2772; x_wconf 92' lang='lat' dir='ltr'>primum</span> <span class='ocrx_word' id='word_1_182' title='bbox 841 2685 1118 2752; x_wconf 87' lang='lat' dir='ltr'>conditis</span> <span class='ocrx_word' id='word_1_183' title='bbox 1164 2707 1382 2771; x_wconf 90' lang='lat' dir='ltr'>necne,</span> <span class='ocrx_word' id='word_1_184' title='bbox 1428 2686 1683 2751; x_wconf 88' lang='lat' dir='ltr'>tollitur</span> <span class='ocrx_word' id='word_1_185' title='bbox 1728 2709 1804 2751; x_wconf 93' lang='lat' dir='ltr'>ea</span> <span class='ocrx_word' id='word_1_186' title='bbox 1847 2710 1936 2770; x_wconf 84' lang='lat' dir='ltr'>re,</span> <span class='ocrx_word' id='word_1_187' title='bbox 1982 2686 2154 2771; x_wconf 91' lang='lat' dir='ltr'>quod</span> <span class='ocrx_word' id='word_1_188' title='bbox 2189 2687 2407 2772; x_wconf 89' lang='lat' dir='ltr'>ipsum</span> <span class='ocrx_word' id='word_1_189' title='bbox 2452 2688 2578 2752; x_wconf 92' lang='lat' dir='ltr'>hoc</span> <span class='ocrx_word' id='word_1_190' title='bbox 2622 2689 2895 2753; x_wconf 85' lang='lat' dir='ltr'>verbum</span> <span class='ocrx_word' id='word_1_191' title='bbox 2941 2687 3025 2750; x_wconf 91' lang='lat' dir='ltr'>ab</span> 
     </span>
     <span class='ocr_line' id='line_1_23' title="bbox 424 2792 3028 2878; baseline -0.001 -18"><span class='ocrx_word' id='word_1_192' title='bbox 424 2802 429 2807; x_wconf 56' lang='lat'><strong>⁴</strong></span> <span class='ocrx_word' id='word_1_193' title='bbox 509 2796 826 2860; x_wconf 90' lang='lat' dir='ltr'>Hannone</span> <span class='ocrx_word' id='word_1_194' title='bbox 882 2797 1233 2877; x_wconf 90' lang='lat' dir='ltr'>usurpatur</span> <span class='ocrx_word' id='word_1_195' title='bbox 1287 2793 1364 2856; x_wconf 91' lang='lat' dir='ltr'>de</span> <span class='ocrx_word' id='word_1_196' title='bbox 1421 2792 1621 2858; x_wconf 86' lang='lat' dir='ltr'>Cerne</span> <span class='ocrx_word' id='word_1_197' title='bbox 1676 2793 1915 2878; x_wconf 81' lang='lat' dir='ltr'>insula,</span> <span class='ocrx_word' id='word_1_198' title='bbox 1977 2816 2123 2858; x_wconf 89' lang='lat' dir='ltr'>cum</span> <span class='ocrx_word' id='word_1_199' title='bbox 2180 2816 2259 2859; x_wconf 93' lang='lat' dir='ltr'>ex</span> <span class='ocrx_word' id='word_1_200' title='bbox 2312 2799 2454 2860; x_wconf 91' lang='lat' dir='ltr'>toto</span> <span class='ocrx_word' id='word_1_201' title='bbox 2509 2817 2725 2860; x_wconf 91' lang='lat' dir='ltr'>rerum</span> <span class='ocrx_word' id='word_1_202' title='bbox 2780 2816 3028 2859; x_wconf 91' lang='lat' dir='ltr'>conexu</span> 
     </span>
     <span class='ocr_line' id='line_1_24' title="bbox 510 2899 3026 2987; baseline -0.001 -20"><span class='ocrx_word' id='word_1_203' title='bbox 510 2907 759 2987; x_wconf 84' lang='lat' dir='ltr'>pateat,</span> <span class='ocrx_word' id='word_1_204' title='bbox 803 2924 935 2967; x_wconf 93' lang='lat' dir='ltr'>non</span> <span class='ocrx_word' id='word_1_205' title='bbox 980 2922 1173 2985; x_wconf 85' lang='lat' dir='ltr'>posse</span> <span class='ocrx_word' id='word_1_206' title='bbox 1219 2899 1327 2964; x_wconf 91' lang='lat' dir='ltr'>hic</span> <span class='ocrx_word' id='word_1_207' title='bbox 1373 2900 1647 2986; x_wconf 88' lang='lat' dir='ltr'>cogitari</span> <span class='ocrx_word' id='word_1_208' title='bbox 1694 2901 1772 2964; x_wconf 90' lang='lat' dir='ltr'>de</span> <span class='ocrx_word' id='word_1_209' title='bbox 1819 2901 2172 2966; x_wconf 85' lang='lat' dir='ltr'>vetustiore</span> <span class='ocrx_word' id='word_1_210' title='bbox 2221 2902 2496 2986; x_wconf 89' lang='lat' dir='ltr'>quadam</span> <span class='ocrx_word' id='word_1_211' title='bbox 2544 2902 2797 2967; x_wconf 89' lang='lat' dir='ltr'>colonia</span> <span class='ocrx_word' id='word_1_212' title='bbox 2840 2901 3026 2966; x_wconf 86' lang='lat' dir='ltr'>novis</span> 
     </span>
     <span class='ocr_line' id='line_1_25' title="bbox 511 3007 3025 3094; baseline -0.001 -20"><span class='ocrx_word' id='word_1_213' title='bbox 511 3010 772 3074; x_wconf 86' lang='lat' dir='ltr'>advenis</span> <span class='ocrx_word' id='word_1_214' title='bbox 818 3010 1243 3093; x_wconf 87' lang='lat' dir='ltr'>frequentata.</span> <span class='ocrx_word' id='word_1_215' title='bbox 1333 3007 1555 3072; x_wconf 90' lang='lat' dir='ltr'>Unum</span> <span class='ocrx_word' id='word_1_216' title='bbox 1601 3007 1806 3094; x_wconf 91' lang='lat' dir='ltr'>igitur</span> <span class='ocrx_word' id='word_1_217' title='bbox 1851 3008 2130 3073; x_wconf 84' lang='lat' dir='ltr'>fulcrum</span> <span class='ocrx_word' id='word_1_218' title='bbox 2177 3009 2500 3074; x_wconf 91' lang='lat' dir='ltr'>communi</span> <span class='ocrx_word' id='word_1_219' title='bbox 2553 3010 2842 3074; x_wconf 92' lang='lat' dir='ltr'>omnium</span> <span class='ocrx_word' id='word_1_220' title='bbox 2888 3010 3025 3073; x_wconf 87' lang='lat' dir='ltr'>sen·-</span> 
     </span>
     <span class='ocr_line' id='line_1_26' title="bbox 510 3114 3026 3201; baseline -0.001 -20"><span class='ocrx_word' id='word_1_221' title='bbox 510 3117 754 3181; x_wconf 89' lang='lat' dir='ltr'>tentiae</span> <span class='ocrx_word' id='word_1_222' title='bbox 819 3120 1116 3200; x_wconf 89' lang='lat' dir='ltr'>ereptum</span> <span class='ocrx_word' id='word_1_223' title='bbox 1180 3118 1310 3178; x_wconf 86' lang='lat' dir='ltr'>est:</span> <span class='ocrx_word' id='word_1_224' title='bbox 1381 3114 1512 3179; x_wconf 88' lang='lat' dir='ltr'>iam</span> <span class='ocrx_word' id='word_1_225' title='bbox 1574 3115 1824 3200; x_wconf 91' lang='lat' dir='ltr'>reliqua</span> <span class='ocrx_word' id='word_1_226' title='bbox 1896 3115 2124 3201; x_wconf 89' lang='lat' dir='ltr'>paucis</span> <span class='ocrx_word' id='word_1_227' title='bbox 2189 3117 2616 3182; x_wconf 75' lang='lat' dir='ltr'>absolvamus</span> <span class='ocrx_word' id='word_1_228' title='bbox 2706 3116 3026 3181; x_wconf 90' lang='lat' dir='ltr'>Nituntur</span> 
     </span>
     <span class='ocr_line' id='line_1_27' title="bbox 512 3212 3025 3311; baseline -0 -24"><span class='ocrx_word' id='word_1_229' title='bbox 512 3225 766 3289; x_wconf 88' lang='lat' dir='ltr'>duobus</span> <span class='ocrx_word' id='word_1_230' title='bbox 818 3222 1231 3308; x_wconf 90' lang='lat' dir='ltr'>potissimum</span> <span class='ocrx_word' id='word_1_231' title='bbox 1284 3221 1446 3286; x_wconf 90' lang='lat' dir='ltr'>locis</span> <span class='ocrx_word' id='word_1_232' title='bbox 1500 3220 1905 3309; x_wconf 82' lang='lat' dir='ltr'>Straboneis,</span> <span class='ocrx_word' id='word_1_233' title='bbox 1971 3223 2087 3287; x_wconf 90' lang='lat' dir='ltr'>ubi</span> <span class='ocrx_word' id='word_1_234' title='bbox 2153 3223 2230 3291; x_wconf 90' lang='lat' dir='ltr'>de</span> <span class='ocrx_word' id='word_1_235' title='bbox 2286 3212 2626 3311; x_wconf 84' lang='lat' dir='ltr'>permultis</span> <span class='ocrx_word' id='word_1_236' title='bbox 2681 3223 3025 3308; x_wconf 84' lang='lat' dir='ltr'>Tyriorum</span> 
     </span>
     <span class='ocr_line' id='line_1_28' title="bbox 512 3328 3026 3423; baseline -0.001 -28"><span class='ocrx_word' id='word_1_237' title='bbox 512 3331 782 3395; x_wconf 88' lang='lat' dir='ltr'>coloniis</span> <span class='ocrx_word' id='word_1_238' title='bbox 847 3335 1030 3395; x_wconf 92' lang='lat' dir='ltr'>extra</span> <span class='ocrx_word' id='word_1_239' title='bbox 1093 3328 1445 3423; x_wconf 79' lang='lat' dir='ltr'>Herculeas</span> <span class='ocrx_word' id='word_1_240' title='bbox 1508 3331 1841 3395; x_wconf 89' lang='lat' dir='ltr'>columnas</span> <span class='ocrx_word' id='word_1_241' title='bbox 1905 3330 2228 3415; x_wconf 88' lang='lat' dir='ltr'>quondam</span> <span class='ocrx_word' id='word_1_242' title='bbox 2293 3330 2569 3396; x_wconf 90' lang='lat' dir='ltr'>conditis</span> <span class='ocrx_word' id='word_1_243' title='bbox 2635 3352 2843 3395; x_wconf 90' lang='lat' dir='ltr'>sermo</span> <span class='ocrx_word' id='word_1_244' title='bbox 2909 3334 3026 3394; x_wconf 88' lang='lat' dir='ltr'>est.</span> 
     </span>
     <span class='ocr_line' id='line_1_29' title="bbox 512 3436 3026 3522; baseline -0 -20"><span class='ocrx_word' id='word_1_245' title='bbox 512 3437 861 3522; x_wconf 91' lang='lat' dir='ltr'>Vituperat</span> <span class='ocrx_word' id='word_1_246' title='bbox 908 3437 1080 3501; x_wconf 92' lang='lat' dir='ltr'>enim</span> <span class='ocrx_word' id='word_1_247' title='bbox 1115 3436 1301 3502; x_wconf 90' lang='lat' dir='ltr'>XVII</span> <span class='ocrx_word' id='word_1_248' title='bbox 1338 3439 1397 3522; x_wconf 85' lang='lat'>3,</span> <span class='ocrx_word' id='word_1_249' title='bbox 1435 3440 1475 3503; x_wconf 88' lang='lat'>3</span> <span class='ocrx_word' id='word_1_250' title='bbox 1522 3462 1584 3522; x_wconf 91' lang='lat' dir='ltr'>p.</span> <span class='ocrx_word' id='word_1_251' title='bbox 1625 3440 1756 3504; x_wconf 77' lang='lat'>826</span> <span class='ocrx_word' id='word_1_252' title='bbox 1779 3436 1826 3501; x_wconf 83' lang='lat' dir='ltr'>O</span> <span class='ocrx_word' id='word_1_253' title='bbox 1865 3436 2101 3503; x_wconf 85' lang='lat' dir='ltr'>Strabo</span> <span class='ocrx_word' id='word_1_254' title='bbox 2141 3460 2364 3503; x_wconf 90' lang='lat' dir='ltr'>eorum</span> <span class='ocrx_word' id='word_1_255' title='bbox 2402 3438 2865 3520; x_wconf 85' lang='lat' dir='ltr'>credulitatem,</span> <span class='ocrx_word' id='word_1_256' title='bbox 2914 3438 3026 3522; x_wconf 90' lang='lat' dir='ltr'>qui</span> 
     </span>
     <span class='ocr_line' id='line_1_30' title="bbox 510 3544 3022 3631; baseline -0.001 -22"><span class='ocrx_word' id='word_1_257' title='bbox 510 3549 799 3610; x_wconf 90' lang='lat' dir='ltr'>trecenta</span> <span class='ocrx_word' id='word_1_258' title='bbox 835 3544 1179 3629; x_wconf 85' lang='lat' dir='ltr'>Tyriorum</span> <span class='ocrx_word' id='word_1_259' title='bbox 1226 3544 1467 3628; x_wconf 91' lang='lat' dir='ltr'>oppida</span> <span class='ocrx_word' id='word_1_260' title='bbox 1505 3545 1779 3631; x_wconf 87' lang='lat' dir='ltr'>triginta</span> <span class='ocrx_word' id='word_1_261' title='bbox 1827 3545 2073 3609; x_wconf 92' lang='lat' dir='ltr'>dierum</span> <span class='ocrx_word' id='word_1_262' title='bbox 2111 3544 2237 3610; x_wconf 93' lang='lat' dir='ltr'>iter</span> <span class='ocrx_word' id='word_1_263' title='bbox 2273 3567 2311 3609; x_wconf 90' lang='lat' dir='ltr'>a</span> <span class='ocrx_word' id='word_1_264' title='bbox 2348 3545 2509 3610; x_wconf 92' lang='lat' dir='ltr'>Lixo</span> <span class='ocrx_word' id='word_1_265' title='bbox 2550 3545 2856 3610; x_wconf 88' lang='lat' dir='ltr'>distantia</span> <span class='ocrx_word' id='word_1_266' title='bbox 2894 3545 3022 3610; x_wconf 90' lang='lat' dir='ltr'>sibi</span> 
     </span>
     <span class='ocr_line' id='line_1_31' title="bbox 509 3650 3026 3742; baseline 0.001 -27"><span class='ocrx_word' id='word_1_267' title='bbox 509 3652 817 3717; x_wconf 89' lang='lat' dir='ltr'>finxerint</span> <span class='ocrx_word' id='word_1_268' title='bbox 864 3652 1053 3717; x_wconf 89' lang='lat' dir='ltr'>sicuti</span> <span class='ocrx_word' id='word_1_269' title='bbox 1089 3650 1541 3717; x_wconf 87' lang='lat' dir='ltr'>Artemidorus</span> <span class='ocrx_word' id='word_1_270' title='bbox 1576 3653 1996 3717; x_wconf 84' lang='lat' dir='ltr'>Eratostheni</span> <span class='ocrx_word' id='word_1_271' title='bbox 2043 3653 2297 3719; x_wconf 88' lang='lat' dir='ltr'>crimini</span> <span class='ocrx_word' id='word_1_272' title='bbox 2336 3654 2511 3718; x_wconf 89' lang='lat' dir='ltr'>dedit</span> <span class='ocrx_word' id='word_1_273' title='bbox 2549 3652 2657 3742; x_wconf 87' lang='lat' dir='ltr'>(cf.</span> <span class='ocrx_word' id='word_1_274' title='bbox 2687 3653 2810 3718; x_wconf 86' lang='lat' dir='ltr'>Str.</span> <span class='ocrx_word' id='word_1_275' title='bbox 2839 3651 3026 3718; x_wconf 91' lang='lat' dir='ltr'>XVII</span> 
     </span>
    </p>
   </div>
   <div class='ocr_carea' id='block_1_3' title="bbox 515 3819 699 3826">
    <p class='ocr_par' dir='ltr' id='par_1_5' title="bbox 515 3819 699 3826">
     <span class='ocr_line' id='line_1_32' title="bbox 515 3819 699 3826; baseline 0 1508"><span class='ocrx_word' id='word_1_276' title='bbox 515 3819 699 3826; x_wconf 95' lang='lat' dir='ltr'> </span> 
     </span>
    </p>
   </div>
   <div class='ocr_carea' id='block_1_4' title="bbox 702 3819 940 3826">
    <p class='ocr_par' dir='ltr' id='par_1_6' title="bbox 702 3819 940 3826">
     <span class='ocr_line' id='line_1_33' title="bbox 702 3819 940 3826; baseline 0 1508"><span class='ocrx_word' id='word_1_277' title='bbox 702 3819 940 3826; x_wconf 95' lang='lat' dir='ltr'> </span> 
     </span>
    </p>
   </div>
   <div class='ocr_carea' id='block_1_5' title="bbox 510 3918 3027 4702">
    <p class='ocr_par' dir='ltr' id='par_1_7' title="bbox 510 3918 3027 4255">
     <span class='ocr_line' id='line_1_34' title="bbox 693 3918 3026 3991; baseline 0.001 -20"><span class='ocrx_word' id='word_1_278' title='bbox 693 3920 746 3987; x_wconf 90' lang='lat'>1)</span> <span class='ocrx_word' id='word_1_279' title='bbox 795 3918 1117 3989; x_wconf 76' lang='lat' dir='ltr'>Sculptures</span> <span class='ocrx_word' id='word_1_280' title='bbox 1170 3919 1422 3990; x_wconf 78' lang='lat' dir='ltr'>antiques</span> <span class='ocrx_word' id='word_1_281' title='bbox 1469 3920 1536 3975; x_wconf 84' lang='lat' dir='ltr'>de</span> <span class='ocrx_word' id='word_1_282' title='bbox 1578 3921 1636 3975; x_wconf 80' lang='lat' dir='ltr'>la</span> <span class='ocrx_word' id='word_1_283' title='bbox 1675 3921 1945 3991; x_wconf 78' lang='lat' dir='ltr'>province</span> <span class='ocrx_word' id='word_1_284' title='bbox 1993 3920 2326 3977; x_wconf 80' lang='lat' dir='ltr'>Marocaine</span> <span class='ocrx_word' id='word_1_285' title='bbox 2370 3920 2437 3975; x_wconf 80' lang='lat' dir='ltr'>de</span> <span class='ocrx_word' id='word_1_286' title='bbox 2482 3918 2653 3975; x_wconf 75' lang='lat' dir='ltr'>Saus:</span> <span class='ocrx_word' id='word_1_287' title='bbox 2708 3920 2839 3976; x_wconf 78' lang='lat' dir='ltr'>bull.</span> <span class='ocrx_word' id='word_1_288' title='bbox 2886 3922 2940 3975; x_wconf 83' lang='lat' dir='ltr'>d.</span> <span class='ocrx_word' id='word_1_289' title='bbox 2989 3920 3026 3975; x_wconf 86' lang='lat'>1.</span> 
     </span>
     <span class='ocr_line' id='line_1_35' title="bbox 510 4008 3026 4079; baseline 0 -17"><span class='ocrx_word' id='word_1_290' title='bbox 510 4024 618 4063; x_wconf 80' lang='lat' dir='ltr'>soe.</span> <span class='ocrx_word' id='word_1_291' title='bbox 665 4009 719 4062; x_wconf 82' lang='lat' dir='ltr'>d.</span> <span class='ocrx_word' id='word_1_292' title='bbox 764 4010 943 4079; x_wconf 76' lang='lat' dir='ltr'>ye&#39;oyr.</span> <span class='ocrx_word' id='word_1_293' title='bbox 991 4009 1058 4063; x_wconf 82' lang='lat' dir='ltr'>de</span> <span class='ocrx_word' id='word_1_294' title='bbox 1093 4009 1263 4064; x_wconf 73' lang='lat' dir='ltr'>Paris</span> <span class='ocrx_word' id='word_1_295' title='bbox 1313 4013 1478 4077; x_wconf 81' lang='grc'><strong>1876,</strong></span> <span class='ocrx_word' id='word_1_296' title='bbox 1523 4026 1576 4078; x_wconf 90' lang='lat' dir='ltr'>p.</span> <span class='ocrx_word' id='word_1_297' title='bbox 1620 4014 1722 4063; x_wconf 82' lang='lat'>129</span> <span class='ocrx_word' id='word_1_298' title='bbox 1745 4027 1866 4078; x_wconf 84' lang='lat' dir='ltr'>sqq.</span> <span class='ocrx_word' id='word_1_299' title='bbox 1942 4010 2009 4064; x_wconf 84' lang='lat' dir='ltr'>cf.</span> <span class='ocrx_word' id='word_1_300' title='bbox 2048 4008 2252 4077; x_wconf 73' lang='lat' dir='ltr'>Dou18‚</span> <span class='ocrx_word' id='word_1_301' title='bbox 2300 4009 2431 4064; x_wconf 77' lang='lat' dir='ltr'>buzl.</span> <span class='ocrx_word' id='word_1_302' title='bbox 2482 4014 2618 4065; x_wconf 87' lang='lat'>1888</span> <span class='ocrx_word' id='word_1_303' title='bbox 2659 4026 2717 4078; x_wconf 89' lang='lat' dir='ltr'>p.</span> <span class='ocrx_word' id='word_1_304' title='bbox 2745 4014 2876 4064; x_wconf 81' lang='lat'>456:</span> <span class='ocrx_word' id='word_1_305' title='bbox 2928 4010 3026 4064; x_wconf 86' lang='lat' dir='ltr'>‘on</span> 
     </span>
     <span class='ocr_line' id='line_1_36' title="bbox 511 4096 3027 4169; baseline 0 -18"><span class='ocrx_word' id='word_1_306' title='bbox 511 4099 711 4152; x_wconf 83' lang='lat' dir='ltr'>trouve</span> <span class='ocrx_word' id='word_1_307' title='bbox 759 4097 857 4152; x_wconf 84' lang='grc'><strong>(166</strong></span> <span class='ocrx_word' id='word_1_308' title='bbox 903 4096 1305 4168; x_wconf 74' lang='lat' dir='ltr'>petroglyphes</span> <span class='ocrx_word' id='word_1_309' title='bbox 1352 4113 1448 4150; x_wconf 83' lang='lat' dir='ltr'>sur</span> <span class='ocrx_word' id='word_1_310' title='bbox 1491 4096 1738 4166; x_wconf 77' lang='lat' dir='ltr'>lesquele</span> <span class='ocrx_word' id='word_1_311' title='bbox 1785 4113 1860 4151; x_wconf 88' lang='lat' dir='ltr'>on</span> <span class='ocrx_word' id='word_1_312' title='bbox 1904 4097 2028 4152; x_wconf 84' lang='lat' dir='ltr'>voit</span> <span class='ocrx_word' id='word_1_313' title='bbox 2070 4098 2306 4168; x_wconf 76' lang='lat' dir='ltr'>gravees</span> <span class='ocrx_word' id='word_1_314' title='bbox 2356 4096 2455 4151; x_wconf 83' lang='grc'><strong>(166</strong></span> <span class='ocrx_word' id='word_1_315' title='bbox 2495 4097 2701 4166; x_wconf 79' lang='lat' dir='ltr'>figures</span> <span class='ocrx_word' id='word_1_316' title='bbox 2736 4100 3027 4169; x_wconf 78' lang='lat' dir='ltr'>represen-</span> 
     </span>
     <span class='ocr_line' id='line_1_37' title="bbox 511 4185 1152 4255; baseline 0 -14"><span class='ocrx_word' id='word_1_317' title='bbox 511 4188 641 4241; x_wconf 86' lang='lat' dir='ltr'>tant</span> <span class='ocrx_word' id='word_1_318' title='bbox 677 4186 777 4240; x_wconf 79' lang='lat' dir='ltr'>des</span> <span class='ocrx_word' id='word_1_319' title='bbox 814 4185 1152 4255; x_wconf 64' lang='lat' dir='ltr'>elephante?</span> 
     </span>
    </p>

    <p class='ocr_par' dir='ltr' id='par_1_8' title="bbox 512 4273 3027 4524">
     <span class='ocr_line' id='line_1_38' title="bbox 691 4273 3027 4347; baseline 0.002 -17"><span class='ocrx_word' id='word_1_320' title='bbox 691 4276 746 4346; x_wconf 81' lang='lat'>2)</span> <span class='ocrx_word' id='word_1_321' title='bbox 783 4274 851 4330; x_wconf 89' lang='lat' dir='ltr'>cf.</span> <span class='ocrx_word' id='word_1_322' title='bbox 891 4276 996 4331; x_wconf 86' lang='lat' dir='ltr'>Th.</span> <span class='ocrx_word' id='word_1_323' title='bbox 1034 4273 1290 4345; x_wconf 83' lang='lat' dir='ltr'>Fischer,</span> <span class='ocrx_word' id='word_1_324' title='bbox 1335 4275 1456 4330; x_wconf 83' lang='lat' dir='ltr'>Zur</span> <span class='ocrx_word' id='word_1_325' title='bbox 1496 4275 1684 4345; x_wconf 76' lang='lat' dir='ltr'>Fraye</span> <span class='ocrx_word' id='word_1_326' title='bbox 1728 4275 1827 4330; x_wconf 80' lang='lat' dir='ltr'>der</span> <span class='ocrx_word' id='word_1_327' title='bbox 1861 4275 2350 4347; x_wconf 74' lang='lat' dir='ltr'>Klimac&#39;inderunq</span> <span class='ocrx_word' id='word_1_328' title='bbox 2385 4277 2463 4332; x_wconf 83' lang='lat' dir='ltr'>im</span> <span class='ocrx_word' id='word_1_329' title='bbox 2497 4278 2782 4334; x_wconf 62' lang='lat' dir='ltr'>svidlichen</span> <span class='ocrx_word' id='word_1_330' title='bbox 2818 4278 3027 4334; x_wconf 77' lang='lat' dir='ltr'>Mittel·</span> 
     </span>
     <span class='ocr_line' id='line_1_39' title="bbox 512 4364 3022 4438; baseline 0.001 -18"><span class='ocrx_word' id='word_1_331' title='bbox 512 4365 822 4435; x_wconf 75' lang='lat' dir='ltr'>meeryebiet</span> <span class='ocrx_word' id='word_1_332' title='bbox 873 4365 994 4421; x_wconf 77' lang='lat' dir='ltr'>und</span> <span class='ocrx_word' id='word_1_333' title='bbox 1046 4366 1110 4419; x_wconf 78' lang='lat' dir='ltr'>in</span> <span class='ocrx_word' id='word_1_334' title='bbox 1152 4365 1250 4419; x_wconf 81' lang='lat' dir='ltr'>der</span> <span class='ocrx_word' id='word_1_335' title='bbox 1297 4365 1618 4419; x_wconf 53' lang='lat' dir='ltr'>nov-dlichen</span> <span class='ocrx_word' id='word_1_336' title='bbox 1663 4364 1922 4420; x_wconf 67' lang='lat' dir='ltr'>Sabura.-</span> <span class='ocrx_word' id='word_1_337' title='bbox 1986 4366 2103 4420; x_wconf 77' lang='lat' dir='ltr'>Pet.</span> <span class='ocrx_word' id='word_1_338' title='bbox 2157 4381 2288 4422; x_wconf 74' lang='lat' dir='ltr'>ann.</span> <span class='ocrx_word' id='word_1_339' title='bbox 2348 4370 2487 4420; x_wconf 84' lang='lat'>1883</span> <span class='ocrx_word' id='word_1_340' title='bbox 2533 4386 2587 4438; x_wconf 89' lang='lat' dir='ltr'>p.</span> <span class='ocrx_word' id='word_1_341' title='bbox 2641 4372 2669 4421; x_wconf 89' lang='lat'>1</span> <span class='ocrx_word' id='word_1_342' title='bbox 2693 4385 2792 4436; x_wconf 63' lang='lat' dir='ltr'>sq„</span> <span class='ocrx_word' id='word_1_343' title='bbox 2849 4387 2902 4437; x_wconf 86' lang='lat' dir='ltr'>p.</span> <span class='ocrx_word' id='word_1_344' title='bbox 2949 4374 3022 4433; x_wconf 76' lang='lat'>43</span> 
     </span>
     <span class='ocr_line' id='line_1_40' title="bbox 515 4452 3027 4524; baseline 0.001 -15"><span class='ocrx_word' id='word_1_345' title='bbox 515 4455 584 4510; x_wconf 86' lang='lat' dir='ltr'>cf.</span> <span class='ocrx_word' id='word_1_346' title='bbox 624 4455 739 4510; x_wconf 79' lang='lat' dir='ltr'>Pet.</span> <span class='ocrx_word' id='word_1_347' title='bbox 778 4472 911 4510; x_wconf 72' lang='lat' dir='ltr'>ann.</span> <span class='ocrx_word' id='word_1_348' title='bbox 949 4455 1129 4523; x_wconf 75' lang='lat' dir='ltr'>suppl.</span> <span class='ocrx_word' id='word_1_349' title='bbox 1169 4458 1237 4508; x_wconf 82' lang='grc'>58</span> <span class='ocrx_word' id='word_1_350' title='bbox 1278 4459 1435 4510; x_wconf 80' lang='grc'><strong>1879.</strong></span> <span class='ocrx_word' id='word_1_351' title='bbox 1509 4452 1785 4508; x_wconf 86' lang='lat' dir='ltr'>Wimmer</span> <span class='ocrx_word' id='word_1_352' title='bbox 1803 4497 1818 4522; x_wconf 88' lang='lat'>‚</span> <span class='ocrx_word' id='word_1_353' title='bbox 1867 4454 2209 4511; x_wconf 75' lang='lat' dir='ltr'>Historisehe</span> <span class='ocrx_word' id='word_1_354' title='bbox 2254 4456 2827 4524; x_wconf 79' lang='lat' dir='ltr'>Landschaftskunde&#39;</span> <span class='ocrx_word' id='word_1_355' title='bbox 2852 4474 2905 4523; x_wconf 86' lang='lat' dir='ltr'>p.</span> <span class='ocrx_word' id='word_1_356' title='bbox 2938 4461 3027 4512; x_wconf 87' lang='grc'>60.</span> 
     </span>
    </p>

    <p class='ocr_par' dir='ltr' id='par_1_9' title="bbox 514 4541 3025 4702">
     <span class='ocr_line' id='line_1_41' title="bbox 694 4541 3025 4614; baseline 0.002 -17"><span class='ocrx_word' id='word_1_357' title='bbox 694 4545 749 4597; x_wconf 61' lang='grc'>31</span> <span class='ocrx_word' id='word_1_358' title='bbox 784 4544 854 4599; x_wconf 87' lang='lat' dir='ltr'>cf.</span> <span class='ocrx_word' id='word_1_359' title='bbox 892 4542 1129 4612; x_wconf 74' lang='lat' dir='ltr'>Movere,</span> <span class='ocrx_word' id='word_1_360' title='bbox 1171 4543 1374 4598; x_wconf 77' lang='lat' dir='ltr'>Phoen.</span> <span class='ocrx_word' id='word_1_361' title='bbox 1407 4541 1455 4595; x_wconf 92' lang='lat' dir='ltr'>II</span> <span class='ocrx_word' id='word_1_362' title='bbox 1492 4548 1524 4597; x_wconf 78' lang='lat'><strong>2</strong></span> <span class='ocrx_word' id='word_1_363' title='bbox 1560 4561 1615 4612; x_wconf 89' lang='lat' dir='ltr'>p.</span> <span class='ocrx_word' id='word_1_364' title='bbox 1647 4549 1769 4598; x_wconf 81' lang='lat'>529.</span> <span class='ocrx_word' id='word_1_365' title='bbox 1834 4543 2071 4599; x_wconf 87' lang='lat' dir='ltr'>Mueller</span> <span class='ocrx_word' id='word_1_366' title='bbox 2106 4563 2159 4614; x_wconf 90' lang='lat' dir='ltr'>p.</span> <span class='ocrx_word' id='word_1_367' title='bbox 2190 4550 2239 4599; x_wconf 86' lang='lat'>4.</span> <span class='ocrx_word' id='word_1_368' title='bbox 2306 4543 2555 4613; x_wconf 84' lang='lat' dir='ltr'>Meltzer‚</span> <span class='ocrx_word' id='word_1_369' title='bbox 2592 4545 2792 4600; x_wconf 83' lang='lat' dir='ltr'>Karth.</span> <span class='ocrx_word' id='word_1_370' title='bbox 2821 4562 2877 4613; x_wconf 92' lang='lat' dir='ltr'>p.</span> <span class='ocrx_word' id='word_1_371' title='bbox 2900 4550 3025 4601; x_wconf 80' lang='lat'>241.</span> 
     </span>
     <span class='ocr_line' id='line_1_42' title="bbox 514 4633 932 4702; baseline -0.005 -14"><span class='ocrx_word' id='word_1_372' title='bbox 514 4633 728 4688; x_wconf 86' lang='lat' dir='ltr'>Goebel</span> <span class='ocrx_word' id='word_1_373' title='bbox 763 4651 819 4702; x_wconf 94' lang='lat' dir='ltr'>p.</span> <span class='ocrx_word' id='word_1_374' title='bbox 848 4636 932 4687; x_wconf 81' lang='lat'>64.</span> 
     </span>
    </p>
   </div>
  </div>
 </body>
</html>
