3467 5334
1132 422 1215 479 De
1253 423 1543 480 Hannonis
1579 424 1702 479 vita
1739 426 1798 479 et
1832 424 2039 483 aetate.
2754 421 2837 489 81

509 586 600 653 At
656 610 972 674 quaenam
1024 589 1286 655 tandem
1343 610 1532 654 causa
1584 586 1712 653 fuit
1780 610 1893 655 cur
1947 589 2016 654 in
2070 592 2171 654 tot
2227 595 2446 674 partes
2491 587 2614 654 viri
2672 589 2880 655 docti-

334 696 629 760 abirent?
719 697 941 761 Posita
986 697 1160 761 haud
1207 697 1402 762 dubie
1450 702 1550 762 est
1597 697 1665 761 in
1712 717 1815 780 eo,
1874 697 2045 781 quod
2091 695 2284 760 certis
2329 700 2620 761 veterum
2667 697 2843 762 testi-

333 804 567 868 moniis
638 804 831 889 plane
906 827 1209 869 caremus.
1319 805 1424 868 Ex
1497 803 1965 869 recentioribus
2038 806 2255 868 autem
2327 804 2572 868 nemini
2637 803 2843 868 adhuc

333 911 646 997 contigit,
718 916 792 976 ut
855 915 1112 976 tantum
1179 912 1471 996 opinioni
1538 935 1686 977 suae
1755 911 2147 996 praesidium
2211 916 2507 996 pararet,
2580 916 2654 975 ut
2715 934 2847 975 non

331 1022 555 1101 posset
602 1018 880 1103 amplius
927 1019 1003 1083 de
1052 1041 1126 1082 ea
1172 1019 1483 1103 dubitari,
1537 1020 1631 1084 ita
1677 1023 1752 1083 ut
1799 1018 2005 1083 adhuc
2051 1019 2172 1082 sub
2221 1017 2429 1082 iudice
2478 1041 2615 1083 esse
2662 1018 2846 1082 litem

331 1125 536 1189 libere
584 1127 934 1191 concedant
979 1126 1331 1210 Kiepertus
1377 1126 1446 1214 (l.
1489 1127 1528 1192 1.
1579 1150 1640 1210 p.
1680 1124 1860 1213 221),
1905 1124 2255 1212 Rugeus1)‚
2299 1125 2544 1211 Berger
2593 1125 2660 1212 (l.
2699 1126 2740 1189 l.
2778 1124 2849 1189 ‘II

328 1256 387 1316 p.
427 1230 565 1319 39).
655 1232 966 1297 Attamen
1012 1257 1049 1297 a
1095 1256 1197 1297 me
1243 1257 1431 1299 nemo
1478 1234 1666 1298 facile
1713 1233 2177 1316 impetraverit,
2223 1236 2297 1296 ut
2343 1232 2846 1299 innumerabiles

326 1338 485 1404 istas
553 1341 952 1406 coniecturas
1017 1341 1400 1427 singillatim
1464 1342 1930 1426 perpenderem
1996 1344 2062 1404 et
2123 1340 2582 1425 examinarem3
2647 1339 2846 1404 immo

325 1448 443 1512 hac
512 1452 659 1514 utar
718 1449 994 1535 ratione,
1058 1453 1131 1512 ut
1186 1449 1470 1532 primum
1526 1471 1688 1533 quae
1746 1447 1907 1512 mihi
1964 1447 2091 1531 ipsi
2148 1449 2447 1531 placeant
2504 1448 2846 1532 explanem

326 1559 502 1619 certa
578 1579 960 1643 progressus
1023 1556 1161 1641 via3
1235 1560 1585 1640 postquam
1650 1577 1800 1620 vero
1867 1553 2428 1619 ratiocinationem
2493 1578 2702 1619 meam
2768 1554 2849 1618 ad

322 1663 524 1727 finem
560 1664 941 1750 perduxerO,
979 1686 1141 1749 quae
1180 1664 1393 1748 primo
1433 1666 1667 1731 obtutu
1705 1661 2286 1750 argumentationis
2322 1661 2455 1726 vim
2491 1661 2844 1748 infringere

324 1771 627 1835 videntur
670 1771 895 1856 paucis
940 1772 1250 1836 tractabo,

508 1878 727 1944 Poscit
773 1883 987 1944 autem
1036 1879 1179 1963 ipsa
1216 1880 1309 1943 rei
1346 1884 1595 1965 natura,
1641 1884 1715 1944 ut
1753 1878 1964 1964 primo
2006 1874 2613 1962 circumspiciamus,
2661 1899 2846 1961 quae-

325 2010 476 2051 nam
538 1987 614 2050 de
669 1986 1008 2052 Hannonis
1062 1986 1293 2050 itinere
1349 1987 1474 2072 ipsi
1529 1972 1914 2052 tradiderint
1968 1989 2243 2068 veteres.
2312 2007 2701 2069 quamquam
2754 1983 2849 2047 nil

328 2095 475 2158 inde
528 2094 755 2178 profici
804 2117 1000 2178 supra
1046 2093 1175 2158 iam
1221 2094 1605 2159 monuimus.
1689 2091 2020 2157 Afferendi
2068 2094 2219 2154 sunt
2267 2091 2391 2155 duo
2430 2095 2687 2155 tantum
2723 2090 2850 2154 loci

325 2201 636 2286 Pliniani,
686 2223 959 2285 quorum
998 2200 1163 2265 alter
1207 2200 1270 2265 H
1307 2203 1412 2286 67,
1455 2203 1579 2266 169
1629 2202 1835 2284 extat,
1881 2198 1994 2263 ubi
2041 2197 2226 2262 haec:
2276 2198 2540 2263 ‘Hanno
2590 2197 2849 2263 Cartha-

327 2308 501 2394 ginis
557 2309 852 2394 potentia
906 2310 1177 2373 florente
1233 2308 1696 2374 circumvectus
1753 2331 1790 2371 a
1846 2305 2137 2371 Gadibus
2193 2305 2275 2368 ad
2327 2307 2523 2369 finem
2567 2303 2849 2368 Arabiae

325 2415 810 2502 navigationem
878 2438 1018 2479 eam
1075 2414 1359 2500 prodidit
1415 2415 1683 2500 scripto,
1754 2413 1920 2478 sicut
1976 2413 2057 2476 ad
2113 2417 2335 2478 extera
2387 2413 2686 2497 Europae
2740 2434 2849 2476 no-

327 2523 564 2589 scenda
602 2523 836 2588 missus
876 2523 1100 2588 eodem
1138 2526 1429 2606 tempore
1472 2521 1819 2606 Himilco'3
1864 2520 2067 2585 altero
2106 2520 2198 2608 (V
2231 2524 2286 2604 1,
2325 2517 2395 2607 8)
2433 2520 2526 2584 ita
2562 2518 2852 2603 loquitur

325 2630 616 2695 Plinius:
683 2630 892 2693 ‘fuere
960 2633 1024 2692 et
1079 2628 1417 2695 Hannonis
1475 2627 2106 2714 Carthaginiensium
2162 2628 2342 2692 ducis
2404 2626 2851 2692 commentarii

323 2737 591 2802 Punicis
621 2737 812 2801 rebus
849 2735 1327 2801 florentissimis
1358 2736 1695 2821 explorare
1733 2734 2053 2798 ambitum
2081 2733 2338 2798 Africae
2368 2733 2527 2799 iussi
2540 2732 2587 2831 ⁹⁰.
2650 2732 2850 2798 Vides

324 2845 454 2909 hoc
520 2867 712 2929 quam
777 2844 863 2907 sit
923 2841 1248 2908 levidense
1313 2848 1379 2907 et
1441 2842 1683 2907 nullius
1750 2840 2088 2905 momenti!
2187 2840 2280 2907 Ut
2346 2841 2519 2906 enim
2583 2840 2848 2926 Ungero

325 2951 424 3039 (p.
478 2949 661 3038 183),
728 2950 838 3035 qui
895 2950 1274 3016 Meltzerum
1331 2950 1710 3038 aggreditur
1765 2948 1859 3036 (p.
1898 2944 2086 3033 230),
2149 2947 2503 3034 largiamur
2558 2947 2850 3032 quamvis

327 3059 546 3142 inviti,
600 3058 798 3123 Plinii
850 3057 925 3121 de
972 3058 1448 3123 florentissimis
1495 3055 2129 3143 Carthaginiensium
2174 3057 2371 3121 rebus
2416 3055 2851 3121 narrationem

327 3190 462 3231 non
515 3165 779 3230 fluxisse
836 3188 916 3228 ex
971 3187 1148 3229 mera
1202 3165 1410 3249 ipsius
1468 3164 1861 3248 coniectura,
1919 3163 2030 3227 sed
2074 3162 2198 3226 niti
2247 3163 2441 3227 certis
2483 3163 2850 3227 litterarum

329 3274 766 3339 monumentis
814 3272 1114 3338 similiter
1162 3277 1356 3358 atque
1406 3296 1569 3358 quae
1618 3272 1694 3335 de
1732 3270 2051 3334 Hannone
2088 3270 2583 3354 Himilconeque
2622 3292 2849 3354 aequa-

328 3381 506 3446 libus
569 3382 961 3466 produntur,
1024 3380 1148 3444 hoc
1212 3379 1415 3467 igitur
1477 3384 1551 3444 ut
1614 3378 1985 3464 largiamur,
2024 3374 2320 3462 UngerO,
2383 3380 2602 3441 tamen
2655 3399 2738 3441 ne
2795 3377 2850 3441 si

331 3490 644 3554 vellemus
681 3487 941 3572 quidem
978 3471 1316 3572 possemus
1356 3486 1755 3553 subscribere
1794 3483 1904 3569 eiS,
1953 3506 2115 3567 quae
2153 3483 2325 3549 idem
2362 3486 2439 3549 de
2476 3484 2849 3550 felicissimo

233 3622 239 3629 ·
332 3596 743 3683 Carthaginis
798 3596 980 3660 urbis
1036 3599 1211 3661 statu
1259 3596 1500 3680 docuit3
1558 3617 1632 3659 ea
1689 3592 1863 3657 enim
1911 3591 2126 3656 omnia
2172 3615 2403 3677 parum
2450 3591 2849 3657 considerate

335 3704 505 3768 dicta
553 3706 720 3768 sunt.
813 3701 939 3766 Sed
983 3705 1133 3766 utut
1168 3701 1235 3765 id
1281 3707 1397 3786 est,
1443 3701 1640 3766 Plinii
1686 3701 1885 3765 verba
1933 3704 2102 3765 certe
2149 3704 2284 3764 tam
2331 3699 2638 3785 ambigua
2685 3703 2851 3785 sunt,

337 3815 411 3876 ut
448 3811 594 3876 inde
631 3810 726 3874 nil
770 3809 962 3874 liceat
1010 3809 1320 3873 concludi.
1411 3808 1614 3873 Estne
1651 3831 1804 3872 vero
1843 3808 2006 3894 ideo,
2054 3830 2165 3872 cur
2211 3829 2466 3872 omnem
2512 3829 2696 3891 spem
2742 3808 2850 3872 ab·

337 3918 647 3984 iciamus‘?
738 3917 1005 3982 Minime
1061 3918 1379 4001 profecto!
1471 3916 1641 3981 Nam
1696 3915 1902 3979 multa
1960 3918 2108 3980 sunt
2161 3914 2229 3978 in
2270 3914 2395 3999 hac
2440 3914 2852 3999 antiquitatis

339 4025 698 4112 disciplina,
755 4025 831 4088 de
887 4024 1122 4108 quibus
1179 4023 1472 4109 quamvis
1527 4045 1660 4087 non
1725 4026 1978 4087 constet
2035 4021 2381 4086 memoriae
2445 4008 2570 4086 fide
2634 4026 2854 4087 tamen

337 4156 522 4199 nemo
580 4132 851 4197 dubitat.
935 4130 1312 4197 Incedamus
1366 4136 1583 4197 autem
1630 4133 1702 4194 ut
1752 4129 1907 4214 quid
1951 4151 2175 4193 verum
2232 4130 2318 4195 sit
2364 4129 2731 4198 inveniatur
2776 4151 2852 4193 ea

340 4241 467 4325 via,
514 4245 589 4304 ut
635 4239 918 4324 primum
975 4239 1324 4304 terminum
1371 4241 1534 4323 post¹
1568 4259 1760 4322 quem
1805 4235 2146 4301 Hannonis
2191 4236 2673 4323 navigationem
2720 4257 2851 4302 sus·

343 4352 593 4433 ceptam
640 4370 776 4412 esse
824 4351 1071 4411 certum
1118 4347 1202 4410 sit
1249 4345 1745 4413 constituamus!

515 4455 871 4520 Exordium
925 4455 1157 4518 faciam
1208 4477 1287 4517 ex
1332 4453 1540 4537 primo
1588 4451 1701 4516 illo
1749 4451 2034 4539 foedere,
2092 4453 2264 4536 quod
2309 4452 2479 4517 inter
2524 4450 2854 4518 Romanos

521 4692 571 4756 1)
612 4686 874 4742 Zeitalter
909 4689 1005 4742 der
1041 4684 1474 4756 Euideckunyen
1509 4699 1563 4752 p.
1599 4689 1678 4737 13.

452 4786 724 4839 Fischer,
753 4787 820 4826 De
847 4787 1091 4827 Hannonis
1124 4786 1278 4827 Carth.
1307 4784 1502 4834 periplo.
1550 4844 1560 4859 .
2342 4808 2359 4827 ι
2391 4781 2420 4827 6
2474 4780 2488 4798 ⁸
