3467 5334
790 396 1033 468 Reliqua
1069 399 1139 454 de
1173 396 1383 469 Libyae
1421 382 1900 455 ora'oceidentali
1937 398 2210 456 memoria
2244 398 2507 471 (Scylax).
2814 388 2901 465 65

393 559 625 647 Neque
664 561 860 627 etiam
889 563 965 627 de
995 561 1391 649 reliquorum
1428 561 1966 650 interpretatione
2003 555 2233 652 habeO,
2271 564 2342 631 in
2381 588 2506 651 quo
2545 565 2904 650 discrepem

395 692 433 733 a
470 669 789 736 Moversio
827 670 919 760 (II
956 674 1015 756 2,
1054 669 1214 759 540)
1262 676 1328 736 et
1364 672 1676 738 Muellero
1723 671 1817 761 (p.
1858 672 1991 761 91),
2039 672 2150 757 qui
2189 671 2648 757 Cephesiadem
2692 675 2904 739 lacum

396 778 791 842 rettulerunt
835 779 915 842 ad
955 802 1095 843 eam
1133 779 1454 865 paludem,
1502 803 1664 864 quae
1702 779 1893 844 hodie
1932 780 2111 844 audit
2149 783 2404 864 Merdja
2439 783 2573 847 Rae
2607 782 2908 846 ecl-Dura.

391 884 613 949 Meum
685 886 894 950 solum
968 891 1065 951 est
1083 940 1101 973 ,
1173 886 1396 971 paucis
1436 887 1746 951 refutare
1813 885 1924 971 qui
1990 887 2279 952 oblocuti
2345 892 2496 952 sunt
2559 887 2905 953 Vivienum
3030 902 3035 907 ’

394 991 473 1055 de
505 991 596 1056 St.
624 993 864 1058 Martin
893 993 986 1081 (p.
1017 996 1141 1060 351
1168 991 1354 1080 sqq.),
1383 993 1738 1058 Tissotium
1766 992 1859 1081 (p.
1884 994 2011 1058 195
2033 991 2218 1080 sqq),
2248 993 2630 1060 Goebelium
2658 994 2748 1083 (p.
2776 993 2906 1082 10),

393 1099 507 1182 qui
557 1099 1016 1184 Cephesiadem
1069 1102 1281 1166 lacum
1328 1101 1621 1166 extitisse
1670 1101 1993 1186 quondam
2039 1105 2301 1187 putant,
2356 1102 2472 1166 ubi
2526 1126 2697 1167 nunc
2753 1107 2905 1168 sunt

393 1206 609 1290 campi
672 1208 869 1273 lutosi
935 1206 1327 1297 (bas-fonds)
1389 1207 1735 1273 fluviorum
1799 1210 1885 1273 M
1887 1209 2120 1273 harbar
2192 1212 2258 1272 et
2320 1209 2691 1292 Tahaddert,
2758 1232 2904 1274 cum

396 1312 716 1378 Hermaea
753 1317 921 1399 ἄκρα
960 1315 1053 1380 eis
1090 1315 1177 1380 sit
1210 1316 1346 1382 Ras
1380 1316 1700 1400 el-KouaS,
1747 1316 1835 1380 20
1870 1338 1952 1378 m.
1992 1338 2054 1398 p.
2093 1337 2131 1377 a
2168 1315 2618 1399 promunturio
2658 1317 2907 1398 Spartel

394 1419 709 1485 dissitum.
782 1420 1095 1487 Attamen
1131 1444 1365 1506 anceps
1404 1445 1540 1487 esse
1576 1444 1708 1486 non
1747 1425 1966 1506 potest
2003 1420 2329 1504 iudicium,
2377 1444 2521 1485 cum
2560 1406 2799 1507 duplex
2837 1424 2906 1488 in

392 1527 499 1591 his
563 1528 763 1593 lateat
829 1552 1031 1595 error:
1095 1553 1247 1595 nam
1299 1552 1510 1615 neque
1576 1529 1760 1594 bidui
1818 1528 1945 1593 iter
1999 1527 2123 1591 iste
2187 1528 2366 1592 locus
2423 1529 2621 1593 distat
2680 1553 2718 1593 a
2773 1532 2905 1615 Cap

385 1635 633 1718 Spartel
677 1658 887 1721 neque
933 1637 1132 1701 tridui
1178 1659 1216 1700 a
1258 1637 1488 1703 Cantin
1531 1635 1983 1722 promunturio
2000 1632 2066 1721 1).
2152 1633 2335 1711 Quod
2374 1635 2426 1699 si
2468 1636 2611 1719 quis
2651 1659 2902 1701 conces-

390 1741 567 1828 serit,
613 1742 903 1829 habebit,
951 1766 1065 1808 cur
1111 1765 1273 1828 quae
1319 1742 1516 1808 iidem
1563 1744 1640 1808 de
1678 1742 1962 1827 Scylacis
2012 1741 2155 1806 sinu
2193 1742 2605 1825 protulerunt
2652 1744 2903 1809 reiciat:

387 1849 621 1914 melius
633 1902 651 1935 ,
718 1851 980 1937 opinor,
1045 1852 1674 1938 argumentabimur,
1743 1850 1798 1914 si
1863 1872 1897 1913 e
1962 1848 2245 1933 Scylacis
2308 1849 2592 1913 numeris
2657 1850 2722 1913 id
2793 1851 2907 1915 eli-

392 1957 651 2040 ciemu8,
699 1956 890 2022 Cotes
937 1957 1150 2021 sinum
1188 1958 1437 2044 porrigi
1475 1958 1622 2021 inde
1670 1957 1754 2021 ab
1792 1955 2176 2039 Ampelusia
2213 1957 2665 2039 promunturio
2704 1980 2908 2042 usque

392 2065 472 2129 ad
516 2065 936 2149 Hermaeum,
1002 2064 1175 2148 quod
1237 2086 1369 2127 non
1433 2061 1805 2146 mirabitur,
1873 2061 1983 2145 qui
2049 2063 2439 2147 meminerit,
2508 2068 2906 2148 quantopere

261 2221 272 2228 .
386 2176 636 2236 veteres
689 2171 946 2255 saepius
994 2171 1172 2235 sinus
1218 2171 1479 2235 nomine
1526 2164 1963 2253 abutantur2).
2054 2168 2242 2234 Nihil
2289 2174 2401 2234 aut
2446 2192 2579 2234 non
2624 2171 2903 2235 multum

389 2283 561 2342 certe
617 2301 654 2341 a
710 2277 970 2362 Scylace
1028 2278 1334 2342 differunt
1380 2278 1616 2343 Strabo
1672 2273 1890 2363 (XVH
1937 2278 1997 2359 3,
2044 2278 2085 2340 2
2142 2298 2203 2359 p.
2254 2277 2385 2341 825
2407 2274 2488 2363 Ο)
2541 2281 2606 2341 et
2650 2277 2904 2342 Plinius

391 2384 483 2472 (V
541 2388 606 2471 1,
662 2382 762 2471 9),
828 2408 1101 2470 quorum
1165 2385 1275 2449 ille
1333 2384 1729 2471 Ἐμπορικὸν
1794 2386 2044 2447 κόλπον
2098 2385 2266 2466 πρὸς
2321 2387 2521 2461 νότον
2573 2393 2663 2470 τῷ
2725 2385 2904 2474 Aega

391 2492 500 2558 καὶ
554 2505 697 2570 ταῖς
752 2495 1013 2558 Κώτεσι
1076 2496 1560 2580 παρακείμενον
1614 2491 1797 2574 facit,
1852 2489 1959 2554 hic
2020 2489 2237 2574 Sayiyz'
2293 2490 2506 2554 sinum
2561 2489 2685 2577 (ita
2728 2491 2904 2556 Leid.

395 2604 541 2665 cett.
602 2600 835 2686 Sayici,
890 2600 1147 2683 Sayaci,
1203 2600 1457 2684 Sayyzi,
1516 2595 1770 2683 Sayuti)
1826 2619 1863 2660 a
1915 2595 2078 2659 Lixo
2136 2596 2581 2681 incipientem:
2647 2599 2906 2683 utrique

389 2706 636 2772 nomini
685 2707 952 2771 eandem
996 2705 1129 2770 vim
1177 2728 1314 2770 esse
1362 2704 1611 2789 primus
1651 2704 2014 2768 Bochartus
2061 2704 2397 2788 perspexit
2444 2703 2536 2790 (p.
2577 2703 2756 2790 644),
2803 2707 2906 2770 cui

391 2814 913 2879 assentiebantur
974 2811 1332 2877 Moversius
1398 2810 1490 2899 (H
1537 2813 1604 2896 2,
1652 2807 1841 2895 540),
1906 2809 2179 2873 Mueller
2243 2810 2335 2898 (p.
2377 2808 2519 2896 92),
2584 2810 2903 2876 Tissotius

392 2920 484 3009 (p.
524 2918 703 3007 230).
784 2920 1013 2985 Finem
1061 2919 1198 2984 eius
1234 2918 1645 2982 Ptolemaeus
1692 2915 1815 3004 (IV
1857 2919 1912 3001 1,
1960 2914 2033 3002 2)
2081 2917 2202 2982 sub
2244 2915 2358 2982 34ο
2389 2914 2489 2981 10’
2529 2917 2717 3000 ponit
2755 2924 2907 3002 post

392 3027 692 3113 SuburiS,
748 3033 896 3092 ante
946 3027 1180 3092 Salatis
1229 3026 1483 3091 ostium.
1575 3025 1806 3090 Restat
1852 3023 2136 3089 Pontion
2182 3025 2339 3088 urbs
2388 3024 2454 3087 in
2501 3024 2711 3089 medio
2760 3026 2905 3090 sinu

394 3134 518 3199 sita
539 3133 629 3222 3):
711 3157 861 3201 cave
943 3133 1146 3220 igitur
1216 3155 1297 3197 ne
1373 3156 1514 3197 eam
1587 3131 1719 3196 situ
1792 3132 2200 3215 respondisse
2276 3132 2493 3196 credas
2566 3131 2905 3197 Hannonis

392 3231 831 3326 Thymiaterio
890 3239 997 3327 (cf.
1060 3241 1327 3306 Mueller
1385 3263 1447 3323 p.
1505 3242 1607 3304 91.
1675 3239 1984 3304 Mannert
2033 3238 2094 3301 X
2151 3242 2217 3322 2,
2277 3234 2467 3323 470),
2530 3260 2681 3302 nam
2748 3240 2905 3304 haec

398 3351 645 3415 colonia
701 3349 998 3434 proxima
1051 3349 1178 3413 fuit
1228 3346 1629 3412 meridionali
1677 3346 1856 3410 sinus
1903 3345 2205 3429 termin03
2262 3344 2544 3429 Scylacis
2591 3345 2906 3429 oppidum

394 3458 452 3521 ei
499 3457 986 3522 attribuendum
1033 3460 1130 3520 est
1176 3456 1346 3540 loco,
1395 3477 1521 3539 quo
1567 3454 1760 3519 hodie
1807 3453 2135 3522 invenitur
2181 3453 2564 3517 Ain-bu-Ali
2607 3453 2802 3518 vicus

576 3564 698 3642 Qui
744 3587 896 3629 vero
945 3563 1246 3648 deinceps
1293 3562 1587 3647 sequitur
1633 3560 1807 3645 apud
1854 3559 2185 3644 Scylacem
2230 3557 2473 3622 Anides
2524 3559 2758 3623 fluvius
2803 3562 2906 3625 vel

395 3670 676 3737 nominis
715 3670 1135 3735 similitudine
1165 3693 1298 3734 non
1334 3669 1623 3746 diversus
1663 3691 1801 3733 esse
1838 3667 2314 3731 demonstratur
2343 3688 2380 3728 a
2408 3664 2605 3728 Plinii
2635 3664 2727 3752 (V
2750 3669 2804 3750 1,
2835 3664 2906 3752 9)

395 3779 595 3843 Anati
632 3778 914 3862 flumine,
953 3777 1124 3861 quod
1164 3776 1611 3862 indigenarum
1646 3797 1803 3839 voce
1842 3772 1951 3861 (cf.
1982 3772 2145 3853 Plin.
2175 3771 2238 3837 V
2272 3776 2325 3857 1,
2360 3770 2470 3857 13)
2497 3771 2908 3836 Ptolemaeus

399 3887 522 3975 (IV
572 3889 637 3971 1,
660 3883 756 3971 ,2)
801 3885 1086 3949 Asanam
1123 3883 1362 3971 (fuitne
1398 3878 1822 3967 Anasam‘?4))
1860 3885 2218 3964 nuncupat3
2256 3878 2452 3942 distat
2492 3901 2527 3940 a
2566 3877 2712 3942 Sala
2763 3879 2912 3964 150,

397 4017 435 4057 a
470 3993 633 4058 Lixo
673 3994 830 4077 205,
876 3993 958 4057 ab
995 3992 1264 4057 Atlante
1312 3991 1441 4055 496
1489 4012 1570 4054 m.
1609 4012 1700 4073 p.:
1749 4009 1910 4071 quae
1958 3991 2090 4051 tres
2136 4007 2470 4049 mensurae
2518 3991 2739 4070 aperte
2786 4009 2906 4051 nos

393 4100 637 4165 ducunt
683 4100 764 4164 ad
808 4098 1189 4164 hodiernum
1251 4100 1365 4167 Um
1410 4118 1476 4162 er
1521 4096 1712 4180 Rbia,
1775 4087 1966 4178 quem
2013 4093 2356 4178 Tissotius,
2412 4093 2524 4177 qui
2572 4094 2648 4157 de
2694 4093 2904 4158 Anide

542 4297 593 4363 1)
634 4293 703 4349 cf.
740 4293 976 4348 Mueller
1013 4293 1085 4348 ad
1123 4292 1267 4348 Ptol.
1310 4293 1387 4346 IV
1429 4298 1478 4355 1,
1509 4297 1541 4345 2
1579 4309 1634 4360 p.
1666 4295 1787 4347 574.

538 4388 594 4453 2)
633 4385 706 4439 cf.
744 4382 1004 4438 Mueller·
1020 4382 1092 4435 ad
1130 4381 1275 4437 Ptol.
1315 4381 1392 4435 IV
1434 4388 1481 4448 1,
1512 4387 1543 4433 2
1582 4399 1635 4450 p.
1667 4384 1789 4435 575.

534 4475 591 4543 3)
631 4473 785 4539 Quae
846 4471 916 4527 de
971 4472 1077 4526 hac
1122 4471 1360 4525 Mueller
1415 4469 1608 4523 docuit
1662 4468 1734 4523 ad
1782 4468 1926 4524 Ptol.
1979 4468 2055 4524 IV
2097 4475 2154 4537 1,
2196 4474 2225 4523 2
2274 4489 2327 4538 p.
2356 4473 2462 4524 576
2527 4468 2710 4523 minus
2765 4468 2907 4524 mihi

398 4562 725 4632 probantur.

545 4655 601 4723 4)
637 4649 789 4722 quod
828 4649 1144 4721 suspicatus
1183 4652 1270 4705 est
1307 4647 1533 4703 Curtius
1570 4646 1964 4716 Wachsmuth‚
2003 4650 2338 4718 praeceptor
2377 4650 2638 4718 optimus,

506 4752 776 4804 Fischer,
807 4752 874 4791 De
902 4752 1148 4792 Hannonis
1177 4751 1332 4792 Carth.
1360 4749 1552 4798 periplo.
2444 4744 2474 4792 5
