3467 5334
616 416 702 484 84
1725 411 1910 486 Caput
1945 411 2012 472 II.

616 584 740 647 hoc
779 580 950 647 enim
988 578 1262 647 audierit
1300 577 1368 646 in
1396 577 1630 646 Avieni
1668 580 2102 671 Ὲο1116φΤρητὴ
2144 580 2309 666 ἄκρα
2325 575 2376 666 1)
2407 602 2517 664 ——3
2555 579 2743 664 Καλὴ
2783 575 2949 663 ἀκτὴ
2972 598 3130 644 111111-

616 691 979 775 cupabatur
1033 691 1253 774 potius
1307 689 1523 774 ipsum
1581 689 1743 755 (labo
1798 691 1870 754 de
1925 689 1991 753 la
2042 689 2244 771 Naos,
2300 686 2404 751 cui
2459 687 2542 750 ab
2589 685 2838 751 Avieno
2893 708 3132 750 nomen

614 821 747 862 non
812 798 1081 862 inditur:
1147 797 1319 882 quod
1380 797 1485 861 vel
1548 797 1691 861 ideo
1760 795 2039 860 maxime
2095 794 2398 859 idoneum
2454 798 2550 858 est
2626 817 2753 878 quo
2817 793 3133 879 terminus

617 906 1041 991 significetur,
1090 906 1241 989 quia
1288 905 1368 968 ad
1414 905 1729 986 orientem
1775 903 2152 989 longissime
2202 901 2507 985 excurrit,
2555 925 2701 966 cum
2737 925 2818 966 ex
2866 902 3130 966 adverso

616 1013 753 1078 eius
828 1014 1076 1078 iaceant
1149 1013 1455 1097 Pityusae
1536 1013 1785 1077 insulae
1859 1012 1990 1076 iam
2063 1011 2317 1095 pridem
2382 1033 2419 1073 a
2485 1008 3133 1096 Carthaginiensibus

618 1119 1058 1208 occupatae2);
1133 1144 1212 1185 ex
1284 1120 1387 1184 his
1462 1119 1666 1206 igitur
1738 1120 2023 1204 perbene
2098 1117 2375 1183 Romani
2451 1122 2515 1181 et
2588 1117 3024 1182 Massilienses
3097 1139 3135 1178 a

615 1228 1145 1293 meridionalibus
1193 1250 1340 1292 orae
1377 1226 1663 1291 Ibericae
1710 1226 2014 1310 partibus
2058 1224 2395 1309 prohiberi
2442 1228 2812 1307 potuerunt.
2898 1223 3022 1288 Sed
3061 1227 3136 1286 ut

614 1336 977 1420 redeamus,
1034 1335 1200 1398 unde
1254 1358 1475 1399 sumus
1522 1333 1793 1420 egressi,
1848 1331 2192 1396 manifesta
2239 1354 2339 1396 res
2387 1335 2513 1415 est,
2570 1329 3136 1417 Carthaginienses

613 1466 746 1508 non
794 1442 1082 1506 emisisse
1131 1443 1392 1507 colonos
1439 1441 1508 1504 in
1554 1439 2016 1505 occidentalem
2061 1437 2359 1522 Libyam,
2409 1437 2791 1521 priusquam
2838 1443 3133 1502 tenerent

614 1548 1026 1634 Hispaniam3
1070 1572 1349 1633 namque
1389 1548 1442 1612 si
1479 1548 1720 1611 fretum
1761 1546 2150 1611 Gaditanum
2187 1546 2256 1609 in
2295 1545 2568 1610 aliorum
2614 1550 2939 1629 potestate
2980 1550 3136 1629 erat,

615 1661 799 1721 tanta
856 1656 1116 1740 quidem
1172 1657 1373 1721 classe
1432 1678 1551 1739 per
1605 1659 1914 1741 angustas
1967 1653 2112 1743 illas
2158 1652 2373 1717 fauces
2419 1653 2627 1717 libero
2676 1653 2895 1739 egredi
2944 1675 3135 1717 cursu

615 1765 878 1831 omnino
921 1744 1057 1828 non
1100 1764 1301 1828 licuit.

791 1871 928 1935 Iam
973 1893 1125 1935 vero
1174 1870 1300 1933 alia
1347 1870 1907 1957 argumentatione
1957 1870 2036 1933 ad
2082 1870 2289 1934 multo
2337 1868 2660 1953 posterius
2707 1873 2966 1951 tempus
3013 1866 3133 1931 rei-

617 1979 836 2043 cimur.
919 1978 1258 2064 Leguntur
1304 1978 1477 2062 apud
1522 1978 1928 2043 Herodotum
1973 1976 2067 2042 IV
2102 1979 2188 2042 43
2235 1976 2419 2041 haec:
2467 1976 2821 2060 Sataspem,
2867 1975 3137 2059 Teaspis

613 2087 821 2151 filium
870 2086 945 2150 de
984 2085 1606 2151 Achaemenidarum
1658 2085 1877 2169 stirpe,
1926 2107 2072 2149 cum
2107 2083 2349 2167 Zopyri
2395 2083 2565 2147 filiae
2612 2082 2745 2147 vim
2792 2081 3136 2165 attulisset,

615 2218 652 2257 a
710 2194 923 2258 Xerxe
991 2194 1223 2278 capitis
1290 2216 1426 2258 esse
1494 2194 1894 2276 damnatum3
1959 2191 2141 2255 cuius
2208 2195 2508 2274 matrem,
2570 2189 2767 2254 Darei
2834 2211 3137 2272 sororem,

615 2301 1009 2385 supplicium
1066 2302 1475 2384 deprecatam
1533 2300 1799 2382 dixisse,
1857 2322 1923 2363 se
1981 2298 2039 2362 ei
2088 2297 2450 2384 graviorem
2496 2296 2949 2381 imposituram
2998 2319 3136 2360 esse

612 2431 914 2493 poenam:
960 2408 1409 2472 necessitatem
1458 2405 2047 2492 circumnavigandi
2091 2405 2386 2490 Libyam,
2434 2405 2633 2469 donec
2680 2427 2754 2468 ea
2801 2403 3136 2468 circumita

615 2516 684 2579 in
751 2514 1106 2579 Arabicum
1181 2515 1393 2579 sinum
1458 2513 1841 2597 perveniret.
1954 2512 2141 2590 Quod
2205 2513 2580 2576 mandatum
2643 2516 2716 2575 ut
2781 2513 3137 2595 perficeret,

616 2621 952 2706 Sataspem
1025 2622 1095 2686 in
1167 2621 1548 2708 Aegyptum
1621 2621 1987 2705 profectum
2005 2671 2022 2704 ,
2108 2642 2255 2684 cum
2328 2620 2411 2683 ab
2485 2618 2832 2705 Aegyptiis
2904 2641 3135 2683 navem

525 2747 546 2755 ‘
613 2732 973 2813 nautasque
1052 2728 1441 2813 accepisset,
1521 2728 1860 2814 navigasse
1936 2727 2016 2790 ad
2086 2726 2438 2792 Herculeas
2512 2727 2840 2792 columnas
2915 2727 3135 2809 eisque

612 2835 1008 2901 transmissis
1067 2835 1565 2900 circumflexisse
1631 2836 1827 2899 etiam
1899 2834 2269 2899 Soloentem
2333 2834 2874 2918 promunturium.
2965 2832 3135 2905 Dein

612 2966 763 3008 vero
829 2944 1224 3028 permultum
1290 2943 1487 3008 maris
1551 2942 1854 3027 pluribus
1920 2942 2255 3006 mensibus
2310 2964 2665 3024 emensum,
2731 2963 2876 3005 cum
2930 2940 3136 3005 maior

615 3073 870 3135 semper
943 3051 1495 3135 periculosiorque
1569 3049 1822 3114 itineris
1896 3072 2048 3133 pars
2121 3049 2513 3113 conficienda
2586 3051 2988 3133 superesset,
3065 3047 3135 3111 in

613 3158 993 3244 Aegyptum
1041 3181 1188 3221 eum
1235 3157 1492 3222 redisse.
1576 3157 1764 3222 Unde
1814 3156 1974 3222 Susa
2019 3179 2312 3222 reversus
2359 3179 2522 3240 quae
2559 3155 2758 3220 Xerxi
2810 3154 3134 3219 rettulerit

614 3266 821 3350 ipsius
888 3266 1219 3329 audiamus
1292 3264 1608 3330 Herodoti
1672 3264 1917 3329 verbis:
1991 3268 2171 3348 ἔλεγε
2244 3266 2324 3329 τὰ
2395 3264 2796 3348 προσωτάτω
2866 3263 3131 3346 ἀνθρώ-

613 3396 781 3450 πους
862 3376 1139 3457 μικροὺς
1211 3372 1613 3456 παραπλέειν
1687 3373 1920 3456 ἐσθῆτι
1993 3375 2337 3459 φοινικηίῃ
2414 3368 2983 3456 διαχρεωμένους,
3068 3373 3140 3434 οἳ

622 3482 791 3557 ὅκως
852 3492 1045 3565 σφεῖς
1099 3484 1494 3563 καταγοίατο
1536 3490 1615 3566 τῇ
1662 3482 1782 3564 νηῒ
1832 3481 2203 3564 φεύγεσκον
2259 3480 2423 3565 πρὸς
2468 3479 2547 3542 τὰ
2595 3480 2752 3564 ὄρεα
2799 3481 3137 3554 λείποντες

615 3588 731 3665 τὰς
776 3590 1037 3665 πόλιας·
1083 3586 1275 3653 αὐτοὶ
1323 3585 1396 3653 δὲ
1444 3586 1733 3653 ἀδικέειν
1782 3585 1983 3652 οὐδὲν
2029 3586 2350 3671 ἐσιόντες,
2410 3586 2634 3670 βρωτὰ
2681 3581 2755 3650 δὲ
2801 3594 3020 3669 μοῦνα
3067 3583 3134 3661 ἐξ

615 3694 873 3761 αὐτέων
921 3697 1308 3780 λαμβάνειν·
1355 3705 1476 3761 τοῦ
1525 3691 1599 3760 δὲ
1646 3696 1733 3779 μὴ
1782 3698 2194 3779 περιπλῶσαι
2229 3694 2495 3777 Λιβύην
2533 3696 2870 3768 παντελῶς
2911 3698 3128 3756 αἴτιον

614 3805 766 3869 τόδε
815 3807 1027 3886 ἔλεγε,
1083 3804 1155 3868 τὸ
1208 3807 1447 3869 πλοῖον
1493 3804 1567 3868 τὸ
1615 3804 1845 3884 πρόσω
1898 3800 1980 3866 οὐ
2027 3802 2318 3867 δυνατὸν
2368 3803 2464 3864 ἔτι
2511 3794 2685 3864 εἶναι
2739 3800 3132 3881 προβαίνειν

614 3905 757 3975 ἀλλ’
821 3910 1219 3995 ἐνίσχεσθαι.
1334 3909 1509 3986 Quae
1576 3908 1793 3974 omnia
1849 3932 1994 3973 cum
2049 3908 2250 3972 Xerxi
2313 3906 2813 3990 haudquaquam
2877 3926 3134 3989 persua-

617 4016 823 4101 sisset,
872 4017 1261 4101 supplicium
1309 4022 1644 4102 sumptum
1694 4039 1969 4100 eumque
2019 4039 2052 4079 e
2099 4016 2249 4099 palo
2297 4036 2683 4098 suspensum
2731 4035 2868 4076 esse
2882 4010 2952 4099 3).

790 4124 976 4189 Hanc
1014 4129 1232 4189 autem
1270 4125 1561 4210 Sataspis
1602 4124 2083 4209 expeditionem
2120 4121 2596 4208 angustissimis
2635 4120 3134 4185 circumcludere

613 4232 856 4297 finibus
893 4255 1025 4297 non
1063 4232 1323 4297 difficile
1363 4233 1487 4297 erit
1522 4231 1877 4318 negotium.
1948 4229 2238 4293 Primum
2277 4229 2448 4293 enim
2485 4228 2647 4292 illud
2684 4228 3134 4311 reputandum,

869 4395 1040 4403 ‘M

799 4503 847 4568 1)
889 4499 956 4554 cf.
998 4497 1195 4554 Avien.
1235 4518 1286 4554 V.
1315 4503 1437 4553 452.
1511 4496 1884 4554 Muellenhoff
1913 4496 1939 4552 I
1977 4518 2032 4569 p.
2067 4504 2166 4554 152
2189 4495 2316 4553 adn.

793 4592 850 4659 2)
888 4606 942 4647 a.
980 4591 1156 4658 654s3‚
1198 4588 1268 4643 cf.
1306 4588 1448 4644 Tim.
1487 4606 1574 4658 ap.
1611 4589 1778 4644 Diod.
1819 4589 1870 4643 V
1900 4594 1983 4643 16.
2058 4588 2292 4643 Meltzer
2325 4605 2381 4657 p.
2414 4592 2532 4641 154.

791 4683 845 4748 3)
883 4680 953 4734 cf.
991 4678 1281 4746 Duncker,
1322 4679 1508 4735 Gesch.
1546 4680 1600 4734 d.
1640 4679 1979 4734 Alterthmns
2014 4675 2147 4731 VIII
2183 4695 2238 4745 p.
2273 4682 2392 4731 192.
