3467 5334
537 391 670 458 130
1636 394 1822 464 Caput
1856 393 1951 450 ΙΙΙ.

527 556 789 644 singula
826 557 1198 622 testimonia
1244 557 1582 641 anquirere
1628 557 1975 623 molestum
2013 562 2113 622 est
2157 562 2223 622 et
2257 557 2454 622 nimis
2496 554 2713 644 longis
2757 557 3049 644 ambagi-

528 664 652 728 bus
696 687 799 729 res
846 665 1137 729 adeunda
1184 687 1379 750 quam
1424 688 1590 750 quae
1633 665 1844 750 possit
1890 666 1960 729 in
2005 653 2305 729 tran'situ‘
2330 665 2613 729 tractari.
2703 665 2799 731 Ut
2843 666 3051 751 igitur

526 771 862 837 redeamus
908 795 983 837 eo
1030 772 1199 837 unde
1244 772 1650 860 longiuscule
1698 796 1921 838 sumus
1969 771 2258 859 digressi,
2303 772 2468 837 mira
2507 772 2636 837 ista
2682 774 2759 837 de
2796 772 3045 856 Libyae

526 879 1037 965 configuratione
1080 879 1303 963 opinio
1360 902 1523 964 quae
1574 903 1653 945 ex
1700 880 1961 945 Eudoxi
2007 883 2223 944 mente
2270 880 2562 965 profecta
2609 902 2747 946 esse
2793 879 3047 944 videtur

525 986 812 1072 vulgaris
868 988 1040 1052 facta
1087 990 1187 1051 est
1241 986 1601 1070 posteriore
1658 991 1898 1072 aetate,
1942 987 2204 1051 tametsi
2251 1009 2414 1070 quae
2460 987 2530 1050 in
2583 991 2900 1051 terrarum
2946 987 3048 1049 de-

526 1093 948 1178 scriptionem
991 1092 1227 1157 Hanno
1274 1082 1524 1176 primus
1568 1093 1912 1159 induxerat
1956 1094 2117 1179 loca,
2162 1094 2386 1158 Theon
2432 1094 2715 1160 Ochema
2760 1097 3048 1158 montem

524 1199 941 1284 potissimum
977 1204 1044 1264 et
1082 1199 1416 1285 Gorgadas
1452 1199 1717 1287 insulae,
1764 1201 1928 1265 alius
1965 1201 2046 1264 ad
2092 1200 2292 1265 alium
2329 1224 2478 1266 orae
2525 1205 2805 1266 tractum
2840 1204 3044 1267 trans-

526 1308 835 1390 tulerunt.
924 1306 1024 1373 Ac
1088 1330 1480 1393 quamquam
1543 1332 1954 1395 summopere
2019 1309 2236 1373 enisus
2300 1313 2401 1373 est
2456 1307 2869 1373 Ptolemaeus
2881 1359 2902 1393 ,
2973 1312 3050 1372 ut

526 1438 794 1499 pravam
836 1416 1004 1479 hanc
1050 1415 1442 1480 sententiam
1484 1416 1929 1503 redargueret,
1974 1421 2193 1481 tamen
2238 1416 2397 1481 adeo
2442 1439 2576 1481 non
2619 1415 2804 1500 vicit,
2859 1419 2933 1480 ut
2979 1415 3048 1480 in

527 1545 601 1586 ea
638 1526 1007 1606 perstarent
1044 1545 1266 1587 omnes
1304 1523 1438 1587 fere
1475 1524 1672 1589 medii
1711 1525 1852 1589 aevi
1890 1523 2271 1610 geographi.
2361 1523 2654 1609 Itemque
2690 1523 2762 1587 in
2798 1523 3047 1587 mediae

526 1629 757 1693 aetatis
821 1629 1067 1694 tabulis
1131 1629 1225 1694 ita
1278 1629 1490 1715 Libya
1554 1630 1870 1717 pingitur,
1934 1634 2009 1694 ut
2072 1631 2156 1694 ab
2220 1629 2520 1694 Herculis
2584 1629 2901 1694 columnis
2966 1630 3048 1693 ad

524 1735 804 1820 Hesperi
850 1759 1054 1821 usque
1102 1735 1315 1802 Cornu
1362 1736 1778 1802 occidentalis
1825 1737 2150 1821 pertineat
2197 1759 2339 1821 ora,
2393 1736 2546 1800 hinc
2605 1736 3044 1801 meridionalis

527 1842 610 1907 ad
674 1847 904 1909 Νότου
937 1845 1227 1929 *Κέρας,
1302 1844 1404 1909 cui
1472 1845 1782 1929 ‘montes,
1858 1844 1969 1928 qui
2034 1843 2370 1929 perpetuis
2434 1843 2701 1930 ignibus
2765 1844 3044 1930 flagrant

526 1949 982 2016 ascribuntur'.

704 2057 845 2123 Nec
910 2080 1062 2123 vero
1129 2057 1341 2122 solum
1403 2059 1844 2146 geographica
1918 2062 2281 2124 commenta
2343 2055 2684 2122 Hannonis
2753 2056 3047 2141 periplus

528 2164 862 2250 excitavit,
918 2165 1031 2229 sed
1076 2166 1442 2249 procreavit
1488 2166 1686 2231 etiam
1731 2165 2192 2251 mythologica.
2283 2165 2446 2228 Erat
2492 2164 2561 2229 in
2608 2187 2684 2229 eo
2732 2164 2878 2228 sinu
2935 2165 3046 2248 qui

531 2272 654 2337 sub
710 2271 992 2357 Hesperi
1050 2270 1262 2336 Cornu
1316 2273 1592 2357 patebat
1651 2296 1887 2359 magna
1949 2271 2189 2356 insula;
2254 2271 2335 2334 ad
2390 2294 2586 2355 quam
2642 2294 2787 2336 cum
2842 2295 3046 2356 appu-

525 2379 759 2444 lissent
807 2378 1398 2465 CarthaginienseS,
1457 2380 1703 2465 ἡμέρας
1747 2377 1870 2464 μὲν
1916 2377 2119 2445 οὐδὲν
2167 2379 2493 2462 ἀφεώρων
2559 2378 2656 2443 ὅτι
2715 2380 2803 2463 μὴ
2851 2379 3047 2463 ὕλην,

528 2488 767 2573 νυκτὸς
806 2484 879 2551 δὲ
925 2487 1103 2571 πυρά
1139 2509 1210 2550 τε
1257 2488 1471 2552 πολλὰ
1515 2489 1837 2571 καιόμενα
1871 2484 1982 2552 καὶ
2030 2487 2268 2571 φωνὴν
2315 2485 2540 2549 αὐλῶν
2585 2486 2837 2568 ἤκουον
2881 2510 3045 2569 κυμ-

528 2582 755 2677 βάλων
817 2617 888 2658 τε
951 2592 1063 2658 καὶ
1137 2594 1501 2677 τυμπάνων
1570 2593 1871 2677 πάταγον
1930 2591 2041 2658 καὶ
2110 2593 2412 2677 κραυγὴν
2485 2595 2753 2677 μυρίαν.
2866 2592 3045 2656 Haec

528 2704 746 2765 autem
827 2700 1257 2765 instrumenta
1339 2723 1486 2766 cum
1567 2700 1695 2775 alia
1777 2700 2108 2765 occasione
2193 2698 2342 2762 data
2424 2701 2567 2762 tum
2652 2699 3046 2764 adhibentur

524 2807 697 2891 ludis
760 2806 1218 2892 sollemnibUS,
1281 2808 1393 2892 qui
1470 2806 1788 2892 Dionysio
1853 2806 2099 2891 passim
2169 2806 2241 2869 in
2316 2804 2644 2890 Graeciae,
2717 2806 3046 2892 Thraciae,

526 2912 722 2979 Asiae
805 2913 1186 3001 regionibus
1250 2913 1783 2979 concelebrantur
1797 2912 1884 3001 l):
1958 2916 2242 3001 aguntur
2322 2911 2449 2976 ista
2520 2911 2858 3002 Νυκτέλια
2932 2911 3040 3001 (cf.

527 3020 698 3086 Plut.
764 3043 868 3104 qu.
934 3043 1113 3086 conv.
1177 3019 1287 3105 IV,
1344 3023 1412 3105 6,
1474 3022 1573 3086 13.
1684 3019 1858 3086 Serv.
1925 3021 2005 3083 ad
2076 3018 2236 3084 Aen.
2300 3018 2410 3105 IV,
2475 3016 2636 3106 303)
2698 3024 3044 3108 Διονυσίῳ

526 3135 892 3216 νυκτερινῷ
966 3126 1074 3215 (cf.
1147 3126 1317 3191 Plut.
1380 3127 1469 3191 ib.
1533 3125 1662 3213 VI,
1720 3129 1755 3192 7
1779 3177 1797 3211 ,
1852 3124 1950 3213 2):
2024 3129 2463 3212 pervagantur
2535 3126 2790 3190 facibus
2862 3149 3043 3210 prae-

531 3221 703 3300 ditae
751 3234 853 3300 dei
898 3236 1167 3305 comites
1213 3234 1406 3300 silvas
1452 3238 1766 3320 tantoque
1814 3258 1921 3298 eas
1966 3234 2245 3318 implent
2292 3233 2568 3297 clamore
2623 3237 2690 3304 et
2745 3233 3044 3319 strepitu,

530 3347 607 3408 ut
659 3343 859 3408 valles
916 3364 1327 3427 repercussae
1381 3341 1818 3426 respondeant
1871 3351 1961 3430 τῷ
2020 3342 2203 3429 αὐλῷ
2258 3338 2369 3405 καὶ
2421 3341 2647 3429 κτύπῳ
2701 3341 3045 3425 κροτάλων

531 3474 600 3515 τε
645 3448 759 3515 καὶ
803 3450 1165 3533 κυμβάλων
1209 3447 1320 3514 καὶ
1366 3449 1728 3534 τυμπάνων
1772 3447 1883 3514 καὶ
1927 3460 2073 3527 ταῖς
2129 3448 2507 3532 ἐπιβοήσεσι
2562 3445 2674 3512 καὶ
2730 3447 3045 3530 εὐασμοῖς

530 3555 640 3646 (cf.
688 3555 901 3622 Strab.
943 3555 1023 3641 X,
1069 3558 1129 3641 3,
1180 3556 1264 3651 15
1310 3578 1374 3639 p.
1419 3558 1552 3645 470
1601 3553 1696 3642 C).
1797 3555 2028 3642 Itaque
2094 3554 2357 3640 Graeci,
2421 3576 2548 3639 qua
2613 3558 2797 3619 erant
2858 3554 3047 3618 uber-

531 3668 667 3730 tate
739 3662 985 3750 ingenii
1051 3666 1117 3727 et
1190 3662 1521 3727 celeritate
1539 3715 1557 3749 ,
1636 3685 1770 3728 non
1843 3663 2235 3728 dubitabant
2308 3685 2454 3727 cum
2525 3661 2701 3725 hisce
2777 3662 3041 3726 baccha-

530 3770 792 3835 nalibus
856 3770 1146 3835 conferre
1228 3791 1393 3854 quae
1463 3769 1699 3835 Hanno
1764 3770 1927 3835 mira
1989 3770 2349 3835 rettulerat.
2443 3768 2639 3833 Cuius
2701 3769 2796 3833 rei
2871 3771 3042 3833 certa

531 3877 810 3963 vestigia
870 3899 1005 3943 non
1066 3878 1310 3942 frustra
1374 3881 1787 3961 quaeruntur.
1860 3877 2153 3942 Primum
2216 3877 2388 3941 enim
2433 3875 2686 3940 Plinius
2740 3874 2850 3961 (V,
2881 3877 2947 3959 1,
2971 3872 3044 3960 7)

533 3988 760 4050 auctor
806 3988 931 4070 est,
992 3984 1328 4049 Atlantem
1373 3982 1552 4072 (eum
1606 3984 1942 4071 intellege,
1998 4007 2192 4069 quem
2235 3984 2304 4048 in
2348 3981 2590 4046 medias
2637 4005 2861 4046 arenas
2909 3981 3047 4065 qui-

534 4093 684 4159 dam
729 4093 1165 4157 detruserunt:
1212 4092 1290 4156 cf.
1327 4090 1408 4178 V,
1450 4094 1507 4176 1,
1555 4093 1654 4157 10.
1700 4091 1873 4156 Mela
1916 4091 2028 4178 HI,
2078 4088 2235 4177 101)
2281 4089 2585 4155 noctibus
2631 4090 2867 4154 micare
2915 4111 3045 4154 cre-

533 4200 674 4264 bris
727 4199 993 4287 ignibus
1001 4249 1020 4284 ,
1072 4197 1486 4285 Aegipanum
1533 4197 2039 4284 Satyrorumque
2084 4197 2346 4261 lascivia
2392 4196 2678 4282 impleri,
2732 4196 3048 4261 tibiarum

536 4330 611 4373 ac
653 4307 909 4391 fistulae
957 4310 1151 4372 cantu
1197 4309 1788 4391 tympanorumque
1843 4309 1910 4370 et
1964 4304 2411 4389 cymbalorum
2466 4304 2684 4369 sonitu
2739 4307 3046 4388 strepere.

533 4411 740 4480 Iidem
783 4413 1022 4481 Bacchi
1068 4412 1383 4480 satellites
1428 4413 1603 4499 apud
1647 4411 1887 4478 Melam
1932 4411 2073 4502 (m,
2120 4413 2234 4498 953
2280 4412 2359 4477 cf.
2403 4411 2553 4477 Plin
2598 4409 2694 4476 VI
2729 4414 2835 4498 30,
2885 4408 3044 4499 197)

718 4650 768 4716 1)
806 4646 877 4699 cf.
916 4647 978 4700 F.
1018 4648 1081 4701 A.
1118 4645 1297 4717 Voigt
1332 4647 1391 4700 in
1428 4644 1621 4702 Rosch.
1661 4646 1765 4703 lem.
1804 4647 1968 4719 myth.
2004 4665 2060 4717 p.
2103 4651 2238 4703 1029
2278 4662 2399 4718 sqq.
