3467 5334
575 362 663 430 20
1671 365 1855 438 Caput
1890 367 1933 421 1.

749 528 889 601 Iam
936 528 1140 616 igitur
1184 527 1401 594 omnia
1438 528 1597 595 satis
1634 504 1982 616 explanata
2027 554 2164 596 esse
2203 553 2449 616 cense0,
2493 530 2620 596 nisi
2657 531 2825 595 forte
2862 550 3077 594 nesc1o

575 632 720 718 quis
767 634 834 698 id
880 635 1198 700 desiderat
1245 637 1760 722 commemorari,
1819 637 1888 702 in
1932 637 2129 702 Plinii
2182 637 2472 703 locorum
2526 638 2690 703 serie
2735 636 2829 725 (V
2868 639 2926 720 1,
2968 633 3082 722 10)

570 741 912 828 Daratum‚
971 742 1040 806 in
1102 742 1456 808 Ptolemaei
1529 738 1776 808 tabulis
1822 743 1946 831 (IV
1984 747 2043 828 6,
2081 742 2154 831 2)
2207 746 2525 828 Δάρατον
2587 744 2930 809 manifesto
2985 767 3078 808 re-

571 849 887 933 spondere
944 850 1252 914 hodierno
1327 851 1451 919 Ued
1492 850 1708 937 Dma,
1763 850 1831 915 id
1886 852 2058 936 quod
2111 851 2214 915 vel
2266 849 2603 916 nominum
2656 849 3078 916 similitudine

571 956 850 1021 maxime
898 957 1380 1022 commendatur
1394 955 1462 1044 ¹).
1543 957 1702 1023 Noli
1735 980 1890 1023 vero
1937 958 2176 1043 mirari,
2224 959 2396 1043 quod
2432 981 2512 1022 ex
2550 957 2889 1022 Hannonis
2929 956 3078 1042 Scy-

567 1061 852 1148 lacisque
915 1062 1078 1127 Lixo
1143 1064 1425 1129 Daratus
1488 1066 1697 1130 factus
1763 1069 1888 1129 est:
1950 1087 2103 1130 nam
2167 1065 2543 1149 saepissime
2607 1064 2939 1148 accidisse,
3002 1068 3076 1127 ut

569 1170 789 1234 eadem
836 1171 994 1235 urbs
1002 1221 1020 1255 ‚
1076 1170 1247 1235 idem
1291 1193 1503 1256 monS‚
1556 1171 1728 1236 idem
1776 1171 2010 1236 fluvius
2065 1171 2308 1256 duplici
2365 1173 2746 1236 efferrentur
2795 1171 3075 1255 nomine,

570 1277 673 1340 vel
719 1276 906 1361 pueri
953 1264 1160 1361 probe
1208 1278 1434 1343 sciunt.
1527 1278 1701 1356 Quae
1750 1279 1967 1344 omnia
2010 1284 2146 1344 tam
2191 1279 2388 1364 plana
2434 1301 2572 1344 esse
2619 1278 2947 1363 existimo,
3001 1283 3075 1343 ut

566 1383 1043 1468 supersedeam,
1096 1407 1387 1472 pugnare
1420 1365 1580 1449 'cum
1625 1385 1733 1471 iis,
1783 1385 1894 1471 qui
1939 1386 2176 1451 Lixum
2222 1391 2334 1450 aut
2380 1391 2530 1450 ante
2575 1387 2764 1452 Draa
2807 1385 3075 1451 fluvium

567 1490 1077 1575 septentrionem
1121 1515 1343 1558 versus
1390 1493 1788 1558 collocarunt
1835 1532 1919 1540 -—-
1969 1493 2142 1578 quod
2175 1517 2257 1559 ne
2294 1495 2666 1579 probemus,
2710 1491 3074 1578 impediunt

561 1599 663 1663 vel
711 1598 993 1684 Scylacis
1039 1621 1376 1664 mensurae
1424 1639 1508 1647 —
1557 1605 1671 1666 aut
1716 1602 1923 1666 multo
1971 1601 2180 1688 magis
2224 1600 2560 1667 meridiem
2605 1623 2826 1665 versus
2875 1623 3075 1664 remo-

562 1711 794 1770 verunt
842 1706 974 1771 sive
1022 1706 1090 1770 in
1137 1706 1377 1791 ipsum·
1401 1707 1747 1792 desertum,
1794 1708 1927 1774 sive
1975 1709 2148 1774 ultra
2194 1708 2519 1774 desertum
2532 1705 2603 1794 2).

647 1840 656 1849 ·
735 1811 1005 1878 Iamiam
1050 1817 1268 1879 autem
1314 1815 1628 1880 transitus
1671 1816 1749 1880 fit
1792 1816 1873 1880 ad
1919 1839 2060 1881 eam
2100 1816 2542 1902 quaestionem
2580 1837 2744 1900 quae
2791 1836 3073 1899 summas

561 1920 866 1985 omnibus
910 1920 1382 2005 interpretibus
1438 1920 1746 1986 excitavit
1793 1924 2035 1987 turbas.
2129 1921 2336 1988 Cardo
2394 1923 2566 1987 enim
2620 1922 2825 1987 totius
2871 1922 3071 2006 expli-
3118 1962 3128 1969 -

559 2026 831 2092 cationis
884 2032 1178 2093 versatur
1233 2050 1308 2092 ea
1352 2028 1419 2092 in
1466 2050 1555 2115 re,
1601 2029 1870 2095 ubinam
1919 2029 2120 2096 Cerne
2174 2030 2387 2095 insula
2442 2030 2566 2095 sita
2610 2029 2833 2094 fuerit:
2898 2029 3071 2094 ‘c'est

563 2135 640 2198 de
704 2135 768 2199 la
833 2134 1120 2220 position
1185 2135 1263 2200 de
1329 2135 1534 2201 Cerne
1602 2157 1724 2221 que
1801 2137 2055 2222 depend
2125 2136 2190 2201 la
2252 2137 2539 2202 solution
2611 2137 2689 2201 de
2761 2140 2944 2201 toute
3006 2135 3071 2200 la

559 2242 901 2327 question',
965 2243 1131 2307 bene
1191 2242 1444 2308 monuit
1497 2242 1640 2309 Mer
1703 2243 1774 2331 (l.
1812 2243 1854 2308 l.
1905 2267 1968 2329 p.
2009 2241 2142 2330 36).
2251 2243 2608 2309 Audiamus
2678 2265 2831 2308 vero
2907 2265 3069 2328 quae
3173 2328 3194 2341 .

553 2349 789 2414 Hanno
846 2349 986 2434 ipse
1041 2349 1382 2415 nobiscum
1440 2351 2035 2417 communicaverit:
2109 2354 2449 2434 Λαβόντες
2505 2347 2579 2417 δὲ
2634 2348 2787 2436 παρ’
2845 2351 3068 2417 αὐτῶν

553 2455 1034 2545 (εο.“Λιξιτῶν)
1092 2455 1418 2542 ἑρμηνέας
1460 2456 1919 2543 παρεπλέομεν
1965 2460 2088 2542 τὴν
2137 2457 2390 2543 ἐρήμην
2433 2459 2600 2542 πρὸς
2654 2460 3070 2543 μεσημβρίαν

555 2564 681 2628 δύο
718 2561 987 2649 ἡμέρας,
1025 2562 1287 2629 ἐκεῖθεν
1325 2560 1400 2629 δὲ
1437 2564 1639 2630 πάλιν
1675 2565 1843 2649 πρὸς
1878 2565 2072 2648 ἥλιον
2109 2563 2468 2650 ἀνίσχοντα
2503 2561 2752 2649 ἡμέρας
2790 2566 3063 2649 δρόμον.

538 2669 758 2736 ’Ένθα
795 2671 1079 2756 εὕρομεν
1119 2670 1193 2737 ἐν
1230 2679 1416 2761 μυχῷ
1452 2695 1637 2750 τινος
1672 2675 1929 2739 κόλπου
1965 2682 2176 2756 νῆσον
2214 2673 2457 2757 μικρὰν
2495 2672 2742 2738 κύκλον
2779 2673 3067 2756 ἔχουσαν

552 2779 846 2843 σταδίων
899 2775 1546 2865 πεντε<καίδεκα>3)·
1606 2779 1694 2863 ἣν
1749 2781 2231 2869 κατῳκίσαμεν,
2287 2777 2556 2864 Κέρνην
2602 2778 3067 2862 ὀνομάσαντες.

545 2881 1109 2971 ’,Ετεκμαιρόμεθα
1175 2881 1244 2949 δ’
1324 2884 1535 2969 αὐτὴν
1600 2884 1673 2951 ἐκ
1743 2895 1867 2952 τοῦ
1938 2889 2267 2971 περίπλου
2341 2882 2482 2951 κατ’
2552 2884 2727 2950 εὐθὺ
2798 2891 3065 2951 κεῖσθαι

532 2993 1021 3076 ’Καρχηδόνος·
1086 2988 1276 3080 ἐῴκει
1339 2993 1467 3078 γὰρ
1531 2992 1568 3058 ὁ
1623 2996 1833 3072 πλοῦς
1896 2995 1971 3059 ἔκ
2032 3016 2102 3058 τε
2156 2994 2594 3077 Καρχηδόνος
2657 2990 2761 3057 ἐπὶ
2824 2994 3066 3075 στήλας

549 3098 864 3165 κάκεῖθεν
902 3096 1009 3163 ἐπὶ
1046 3096 1332 3183 Κέρνην.
1405 3097 1830 3165 Τούντεῦθεν
1876 3100 1974 3176 εἰς
2017 3102 2261 3184 λίμνην
2307 3099 2688 3184 ἀφικόμεθα
2736 3098 2847 3164 διά
2883 3121 3066 3175 τινος

547 3215 849 3290 ποταμοῦ
885 3206 1180 3290 μεγάλου
1217 3205 1764 3289 διαπλεύσαντες,
1810 3196 1909 3294 (ᾧ
1948 3208 2203 3292 ὅνομα>
2241 3204 2762 3292 Χρε<μέ>της4)·
2816 3201 2948 3292 εἶχε
2989 3204 3065 3271 δὲ

548 3318 798 3396 νήσους
861 3312 902 3397 ἡ
969 3316 1167 3398 λίμνη
1227 3322 1406 3395 τρεῖς
1470 3315 1731 3397 μείζους
1792 3321 1911 3396 τῆς
1965 3310 2242 3398 Κέρνης.
2326 3307 2472 3397 Ἀφ’
2537 3308 2634 3379 ὧν
2696 3312 3061 3399 ἡμερήσιον

734 3546 786 3613 1)
826 3543 893 3599 cf.
933 3541 1123 3596 Tissot
1157 3558 1212 3612 p.
1244 3547 1366 3598 255.
1439 3539 1645 3596 Vivien
1682 3540 1753 3595 de
1793 3541 1873 3596 St.
1903 3540 2114 3595 Martin
2149 3546 2272 3596 339.
2313 3546 2434 3599 373.
2473 3547 2597 3598 422.

726 3634 781 3702 2)
819 3633 889 3687 de
924 3632 1138 3698 Tensift
1173 3629 1343 3685 fluvio
1381 3631 1705 3700 cogitarunt
1729 3628 2041 3685 Heerenius
2078 3631 2149 3701 (ΙΙ
2176 3647 2232 3699 p.
2263 3632 2405 3701 520),
2444 3631 2695 3702 Klugeus
2725 3630 2836 3700 (ed.
2863 3649 2919 3701 p.
2949 3634 3059 3702 20),

548 3720 1041 3791 Schauenburgius
1078 3722 1156 3790 (p.
1186 3723 1303 3789 31),
1351 3720 1422 3773 de
1457 3718 1733 3775 hodierno
1781 3719 1896 3774 Ued
1931 3719 2071 3773 Nun
2108 3718 2418 3775 Moversius
2458 3720 2532 3791 (ΙΙ
2568 3738 2624 3790 p.
2654 3722 2805 3790 548),
2846 3720 2916 3775 de
2953 3720 3061 3776 Sus

547 3810 774 3864 flumine
812 3809 1086 3865 Vivienus
1124 3809 1194 3863 de
1233 3808 1311 3865 st.
1343 3807 1553 3862 Martin
1590 3810 1665 3879 (p.
1698 3809 1826 3878 377)
1864 3809 1923 3862 et
1958 3807 2230 3879 Forbiger
2274 3808 2323 3876 (Ι
2349 3827 2404 3878 p.
2436 3809 2545 3877 66).
2609 3808 3058 3878 Bougainvillius

546 3905 621 3968 (p.
664 3900 753 3968 19)
807 3897 1007 3952 Lixum
1062 3895 1383 3968 composuit
1434 3914 1561 3952 cum
1617 3897 1727 3953 Rio
1784 3900 1850 3954 de
1908 3898 2044 3966 Orc,
2098 3897 2426 3952 Rennellius
2480 3897 2692 3967 (geogr.
2749 3897 2814 3952 of
2852 3897 3056 3953 Herod.

486 3974 491 3977 ¹
543 4006 598 4058 p.
631 3990 757 4058 700)
795 4005 922 4041 cum
959 3988 1071 4042 Rio
1109 3988 1174 4043 de
1214 3987 1521 4058 Cypriane,
1564 3987 1685 4041 Mer
1721 3991 1798 4058 (p.
1829 3990 1918 4056 29)
1958 4004 2084 4041 cum
2120 3986 2392 4056 Semyale.
2467 3986 2817 4041 Gosselinius
2856 3990 2933 4058 (p.
2967 3994 3071 4070 80),

545 4078 777 4148 eiusque
816 4076 1115 4148 pedisequi
1151 4093 1279 4131 eum
1318 4078 1739 4131 commutarunt
1774 4093 1901 4131 cum
1938 4075 2077 4130 Lixo
2117 4073 2562 4144 septentrionali.

726 4169 781 4237 3)
820 4167 907 4220 lta
960 4165 1254 4220 Hannonis
1318 4167 1492 4222 verba
1554 4165 1925 4221 instauranda
1989 4163 2160 4231 duco;
2228 4164 2441 4218 etenim
2504 4164 2796 4220 Cornelius
2860 4165 3052 4236 Nepos

548 4257 641 4326 (cf.
681 4257 824 4312 Plin.
862 4256 943 4311 VI
975 4240 1107 4326 ⁹199)
1147 4256 1365 4312 Cernen
1399 4272 1514 4310 non
1552 4254 1886 4325 ampliorem
1924 4252 2163 4309 circuitu
2198 4252 2250 4307 II
2290 4270 2364 4308 m.
2400 4271 2454 4322 p.
2492 4252 2750 4309 tradidit.

724 4349 780 4416 4)
835 4345 931 4400 Ita
992 4345 1292 4415 legendum
1358 4361 1482 4400 esse
1547 4345 1758 4399 dudum
1821 4344 2231 4415 perspexerunt
2293 4341 2404 4398 viri
2467 4342 2624 4398 docti
2687 4344 3051 4399 Aristotelem

543 4436 701 4507 (Met.
730 4436 755 4488 I
789 4438 894 4506 13),
933 4435 1195 4489 Nonnnm
1224 4432 1458 4505 (Dionys
1486 4432 1617 4487 XIII
1647 4438 1767 4489 174.
1805 4431 1989 4487 XXXI
2018 4433 2160 4502 103),
2199 4433 2447 4500 Suidam,
2486 4431 2830 4502 Hesychium
2868 4450 2939 4490 ss.
2961 4451 3049 4489 vv.

543 4525 724 4578 secuti
776 4526 867 4595 (cf.
923 4524 1194 4593 Bochart‚
1249 4540 1428 4594 yeoyr.
1482 4539 1622 4578 sacr.
1670 4522 1721 4591 I,
1770 4537 1856 4592 cp.
1896 4521 2169 4576 XXXVII.
2244 4521 2483 4576 Mueller
2516 4538 2572 4592 p.
2603 4529 2653 4578 8.
2730 4523 2933 4578 Vivien
2980 4522 3050 4578 de

542 4612 624 4668 sc.
653 4611 860 4668 Martin
896 4630 949 4681 p.
981 4613 1123 4683 385).
