3467 5334
387 472 478 527 De
506 471 805 527 itineribus
833 473 963 542 post
989 470 1318 526 Hannonem
1347 472 1407 525 in
1436 472 1672 526 eandem
1700 471 1989 541 regionem
2022 471 2185 527 factis
2210 472 2305 542 (de
2334 472 2610 542 Polybio).
2767 472 2892 537 107

561 635 906 701 Proximus
971 637 1069 698 est
1121 633 1527 720 Polybius,
1592 635 1704 720 qui
1770 639 1868 700 sat
1932 635 2170 700 multas
2235 635 2413 701 orbis
2477 640 2697 721 partes
2752 659 2894 720 per-

385 743 654 831 agravit,
692 765 839 808 cum
877 741 1102 826 quanti
1139 742 1449 806 momenti
1485 745 1654 807 esset
1681 765 1897 806 rerum
1926 741 2228 826 scriptori
2258 748 2551 808 accurata
2579 748 2894 808 terrarum

383 850 620 915 notitia
680 850 854 914 haud
916 848 1262 935 ignoraret.
1371 847 1469 914 Ac
1533 848 1801 933 perinde
1873 849 2150 934 Libyam
2215 872 2363 915 eum
2427 849 2636 915 adisse
2719 853 2892 914 certo

386 959 658 1043 scimus3
732 960 986 1022 secutus
1060 960 1158 1021 est
1218 955 1290 1021 P.
1358 955 1727 1022 Cornelium
1791 954 2159 1040 Scipionem
2233 961 2298 1021 et
2371 956 2440 1020 in
2505 956 2894 1043 Carthagine

385 1065 823 1152 oppugnanda
870 1068 934 1129 et
983 1062 1413 1149 expugnanda
1459 1085 1607 1127 eum
1653 1062 1899 1127 adiuvit
1953 1061 2061 1150 (cf.
2107 1061 2244 1126 Pol.
2291 1061 2564 1127 XXXIX
2603 1066 2661 1147 3,
2699 1065 2759 1148 4,
2797 1060 2895 1149 5):

386 1195 532 1237 cum
576 1194 726 1236 vero
772 1170 1011 1235 lentior
1052 1173 1221 1235 esset
1257 1170 1542 1235 munitae
1581 1169 1766 1234 urbis
1804 1169 2229 1257 oppugnatiO,
2276 1170 2476 1234 classe
2515 1193 2553 1235 a
2593 1169 2895 1255 Scipione

384 1278 748 1343 Aemiliano
805 1281 1068 1362 accepta
1111 1277 1358 1361 Libyae
1415 1277 1794 1341 scrutandae
1850 1299 2040 1340 causa
2094 1299 2396 1364 magnam
2459 1278 2598 1344 eius
2642 1282 2895 1363 partem

387 1387 846 1451 circumvectus
894 1389 993 1449 est
1039 1383 1146 1472 (cf.
1193 1383 1357 1448 Plin.
1395 1383 1459 1449 V
1490 1387 1546 1467 1,
1576 1381 1664 1470 9).
1747 1380 1884 1447 Iam
1929 1406 2074 1447 cum
2121 1384 2423 1473 (XXXIX
2454 1388 2557 1470 13,
2592 1383 2704 1472 14)
2745 1384 2894 1450 ilico

386 1496 539 1578 post
603 1492 878 1557 deletam
935 1491 1391 1578 Carthaginem
1455 1489 1525 1555 in
1579 1488 1910 1555 Graeciam
1976 1514 2043 1555 se
2108 1492 2348 1557 redisse
2410 1493 2715 1578 affirmet,
2779 1492 2897 1558 ubi

389 1600 769 1666 Corinthum
821 1602 1140 1663 vastatam
1197 1602 1262 1663 et
1316 1597 1609 1663 funditus
1662 1620 1947 1662 eversam
2001 1598 2191 1682 vidit,
2246 1621 2518 1684 cumque
2567 1622 2648 1664 ex
2694 1600 2898 1666 altera

386 1711 571 1792 parte
627 1729 760 1771 non
811 1705 1159 1770 verisimile
1217 1705 1327 1789 sit,
1385 1727 1531 1770 eum
1579 1705 2036 1792 Carthaginem
2094 1710 2442 1793 postquam
2488 1707 2744 1772 obsidio
2790 1707 2899 1773 vix

387 1814 601 1899 coepit
673 1812 1011 1897 reliquisse
1077 1852 1160 1859 —
1226 1835 1461 1896 nempe
1534 1812 1721 1877 initio
1795 1812 2235 1880 Romanorum
2308 1836 2693 1901 progressus
2764 1819 2901 1879 tam
2992 1870 3005 1877 ,

388 1921 685 2008 prosperi
740 1942 873 1985 non
929 1923 1136 2004 erant,
1192 1923 1266 1984 ut
1322 1941 1581 1984 securus
1628 1920 1918 2003 potuerit
1965 1922 2049 1986 ab
2099 1920 2382 1987 exercitu
2430 1921 2751 1986 discedere
2799 1961 2904 2009 —-,

388 2029 635 2113 optimo
700 2028 837 2091 iure
902 2026 1177 2091 Werner
1242 2026 1310 2091 in
1375 2026 1826 2091 dissertatione
1893 2051 2041 2113 sua,
2114 2051 2307 2113 quam
2372 2027 2757 2113 conscripsit
2822 2030 2898 2094 de

386 2134 647 2221 Polybii
701 2133 837 2199 vita
892 2138 957 2198 et
1011 2134 1356 2199 itineribus
1411 2132 1503 2221 (p.
1553 2131 1695 2220 29),
1752 2157 1921 2200 anno
1984 2137 2108 2200 147
2167 2136 2290 2200 hoc
2345 2135 2470 2199 iter
2521 2133 2900 2201 Africanum

388 2242 754 2329 assignavit.
847 2241 985 2318 Quo
1042 2241 1273 2306 itinere
1330 2241 1487 2325 quin
1542 2241 1887 2327 diligenter
1943 2242 2377 2327 exploraverit
2428 2241 2669 2306 fretum
2715 2242 2901 2307 Gadi-

388 2355 611 2414 tanum
656 2353 721 2413 et
769 2371 931 2433 quae
978 2348 1429 2414 circumiacent
1483 2347 1782 2434 regiones
1841 2348 2314 2414 dubitationem
2369 2370 2502 2412 non
2546 2347 2901 2413 admittunt

391 2457 501 2542 qui
557 2456 634 2521 de
688 2457 811 2520 hoc
866 2460 1077 2521 tractu
1134 2460 1285 2521 sunt
1341 2455 1556 2540 operis
1611 2454 1958 2539 Polybiani
2012 2456 2156 2521 loci.
2251 2454 2629 2521 Hariolatur
2682 2459 2901 2521 autem

387 2565 678 2647 Werner,
735 2564 905 2648 quod
951 2562 1043 2651 (p.
1084 2561 1200 2650 29)
1247 2585 1393 2629 eum
1439 2562 1699 2649 longius
1747 2568 2126 2646 provectum
2173 2586 2310 2628 esse
2357 2562 2647 2649 negavit3
2702 2562 2899 2628 immo

390 2670 898 2738 accuratissimas
942 2674 1130 2735 notas
1174 2669 1426 2735 Plinius
1472 2669 1565 2756 (V
1607 2670 1675 2754 1)
1723 2669 1918 2733 debet
1962 2669 2260 2755 Polybio,
2308 2692 2498 2754 quem
2545 2670 2687 2754 ipse
2734 2692 2900 2734 com-

390 2779 678 2864 pluriens
741 2781 1068 2843 auctorem
1122 2775 1369 2860 laudat,
1433 2797 1507 2840 ac
1560 2797 1641 2839 ne
1696 2774 1928 2839 merita
1986 2776 2175 2841 laude
2230 2777 2565 2841 fraudetur
2617 2776 2900 2864 Megalo-

390 2886 717 2971 politanus
762 2884 983 2950 audias
1031 2908 1193 2970 quae
1241 2885 1405 2948 bene
1452 2887 1673 2948 monet
1708 2882 2023 2948 Vivienus
2062 2884 2139 2947 de
2178 2882 2267 2948 St.
2306 2882 2548 2948 Martin
2587 2881 2679 2971 (p.
2711 2881 2899 2970 338):

390 2991 849 3057 ‘L'exactitude
915 2993 1026 3057 des
1088 3014 1375 3056 mesures
1440 2991 1648 3055 donne
1713 2990 1845 3055 lieu
1907 2991 1983 3054 de
2040 3012 2274 3074 penser
2330 2988 2558 3074 qu’elle
2613 2990 2901 3075 reposait

390 3123 498 3164 sur
554 3098 830 3183 quelque
886 3098 1078 3163 chose
1135 3099 1211 3163 de
1267 3098 1484 3163 mieux
1543 3099 1738 3182 qu’un
1793 3098 2024 3183 simple
2081 3097 2348 3164 estime.'
2441 3096 2509 3162 Si
2555 3119 2706 3162 vero
2756 3097 2901 3181 quis

389 3205 843 3289 autumaverit,
906 3205 1054 3270 inde
1115 3228 1249 3270 non
1312 3206 1779 3271 consectarium
1840 3228 2003 3290 esse,
2064 3204 2415 3290 Polybium
2469 3203 2686 3287 ipsum
2741 3205 2899 3269 occi-

390 3312 710 3378 dentalem
761 3311 1009 3395 Libyae
1065 3335 1244 3377 oram
1299 3312 1921 3399 praeternavigasse,
1988 3311 2046 3376 ei
2101 3312 2459 3396 respondeo
2469 3362 2487 3395 ,
2549 3310 2900 3396 Polybium

392 3441 613 3485 omnes
653 3417 765 3503 qui
803 3419 879 3484 de
919 3423 1283 3484 exterarum
1319 3419 1615 3507 gentium
1650 3419 1781 3484 situ
1819 3424 1884 3484 et
1922 3418 2185 3485 sedibus
2223 3418 2615 3504 scripserant
2652 3441 2902 3484 summa

388 3527 458 3592 in
517 3525 881 3611 suspicione
936 3526 1269 3611 habuisse,
1326 3548 1487 3611 quae
1543 3529 1725 3590 tanta
1770 3526 1923 3611 fuit,
1978 3529 2052 3592 ut
2095 3525 2443 3592 nonnullos
2490 3526 2900 3613 geographos

388 3633 589 3698 veluti
634 3633 970 3698 Timaeum
1014 3633 1296 3698 maxima
1340 3633 1628 3698 afficeret
1673 3632 1934 3699 iniuria:
1992 3658 2154 3721 quae
2201 3656 2347 3699 cum
2393 3634 2486 3697 ita
2533 3633 2689 3720 sint,
2742 3657 2900 3698 num

391 3740 755 3826 probabile,
803 3762 951 3804 eum
997 3740 1073 3803 de
1118 3740 1549 3805 remotissima
1593 3739 1841 3825 Libyae
1887 3742 2151 3829 regione
2198 3741 2467 3807 cuilibet
2514 3739 2900 3806 credidisse?

391 3845 481 3911 At
526 3847 749 3912 multis
794 3847 1012 3914 verbis
1059 3846 1320 3912 omnino
1366 3869 1496 3912 non
1537 3869 1702 3931 opus
1741 3852 1904 3932 erat3
1948 3870 2100 3913 nam
2136 3849 2278 3934 ipse
2315 3848 2632 3935 gloriatur
2667 3847 2762 3914 ΠΙ
2789 3851 2901 3915 59:

394 3954 850 4039 ὑπεδεξάμεθα
915 3957 1072 4031 τοὺς
1134 3955 1499 4032 κινδύνους
1553 3959 1708 4031 τοὺς
1764 3956 2145 4039 συμβάντας
2198 3956 2357 4041 ἡμῖν
2422 3955 2494 4021 ἐν
2549 3957 2765 4042 πλάνῃ
2820 3965 2899 4041 τῇ

392 4064 556 4128 κατὰ
605 4062 868 4145 Λιβύην
922 4061 1034 4127 καὶ
1088 4059 1227 4127 κατ’
1276 4058 1599 4146 Ἰβηρίαν,
1655 4065 1751 4127 ἔτι
1808 4058 1882 4127 δὲ
1931 4065 2264 4129 Γαλατίαν
2316 4062 2425 4129 καὶ
2480 4065 2603 4147 τὴν
2650 4064 2901 4142 ἔξωθεν

401 4170 667 4245 ταύταις
730 4178 873 4243 ταῖς
925 4169 1169 4252 χώραις
1225 4178 1696 4253 συγκυροῦσαν
1752 4169 2126 4252 θάλατταν,
2190 4170 2301 4235 ἵνα
2360 4170 2900 4257 διορθωσάμενοι

399 4277 520 4359 τὴν
581 4285 716 4340 τῶν
779 4278 1286 4359 προγεγονότων
1350 4278 1630 4359 ἄγνοιαν
1697 4277 1771 4342 ἐν
1835 4278 2095 4354 τούτοις
2157 4278 2457 4362 γνώριμα
2519 4278 2901 4359 ποιήσωμεν

394 4392 534 4458 τοῖς
582 4379 857 4464 ’Ἕλλησι
928 4379 1037 4446 καὶ
1109 4391 1315 4447 ταῦτα
1377 4383 1457 4446 τὰ
1522 4384 1685 4467 μέρη
1751 4392 1866 4468 τῆς
1930 4382 2343 4468 οἰκουμένης.
2452 4380 2899 4448 Certissimum

394 4493 609 4554 autem
656 4491 754 4552 est
791 4487 1142 4552 secundum
1179 4510 1253 4552 ea
1291 4510 1454 4571 quae
1493 4510 1688 4573 supra
1726 4490 1898 4555 dicta
1943 4495 2095 4555 sunt
2140 4488 2492 4575 Polybium
2537 4494 2902 4555 assecutum

395 4617 533 4660 esse
605 4593 987 4659 hodiernum
1050 4594 1573 4679 promunturium
1638 4597 1861 4661 Draa:
1932 4596 2265 4682 hucusque
2330 4594 2502 4660 enim
2565 4601 2901 4663 accuratae

393 4703 533 4770 eius
596 4723 930 4767 mensurae
994 4702 1350 4788 pertinent3
1414 4705 1635 4789 potest
1689 4702 1841 4769 hinc
1903 4725 2288 4792 progressus
2351 4725 2489 4769 esse
2555 4726 2759 4793 usque
2821 4705 2902 4773 ad
