3467 5334
625 1317 786 1383 Cum
851 1317 928 1381 de
1000 1318 1197 1404 longe
1260 1315 1560 1402 plurimis
1634 1338 1798 1401 quae
1860 1315 2216 1381 Phoenices
2288 1315 2757 1401 antiquissimis
2821 1316 2949 1380 iam

445 1424 852 1510 temporibus
925 1425 1005 1488 ad
1076 1447 1275 1490 novas
1356 1428 1560 1488 terras
1645 1424 2038 1508 quaerendas
2111 1427 2532 1509 susceperunt
2605 1423 2951 1488 itineribus

445 1532 832 1617 paucissima
877 1536 1131 1597 tantum
1177 1554 1378 1617 eaque
1425 1553 1656 1617 parum
1711 1535 2008 1596 accurata
2053 1535 2345 1596 veterum
2401 1529 2660 1616 scriptis
2714 1530 2952 1594 tradita

447 1640 907 1727 acceperimus,
972 1661 1139 1705 unus
1212 1640 1443 1704 saltem
1517 1640 1796 1702 aetatem
1865 1636 2019 1701 tulit
2083 1637 2376 1724 periplus
2439 1639 2610 1703 inter
2665 1641 2951 1703 servatos

445 1748 856 1834 geographos
910 1746 1196 1832 primum
1252 1747 1555 1812 obtinens
1606 1745 1840 1810 locum.
1939 1744 2173 1810 Hanno
2239 1745 2411 1810 enim
2467 1744 2953 1831 Carthaginien-

446 1855 615 1919 sium
663 1855 793 1919 dux
840 1877 959 1939 per
1003 1854 1243 1921 fretum
1281 1853 1668 1920 Gaditanum
1705 1852 1774 1918 in
1812 1852 2144 1917 Oceanum
2175 1856 2448 1939 evectus,
2485 1843 2673 1917 utin
2708 1851 2953 1935 Libyae

446 1985 557 2026 ora
604 1961 865 2026 occidua
912 1959 1196 2026 colonias
1243 1961 1570 2047 conderet,
1626 1983 1774 2025 cum
1819 1960 1889 2025 in
1931 1959 2368 2024 Mauretaniae
2413 1959 2632 2045 litore,
2693 1958 2840 2023 dein
2886 1958 2955 2023 in

446 2068 646 2133 fertili
692 2069 805 2133 illo
852 2072 1064 2133 tractu
1122 2068 1233 2153 qui
1279 2068 1528 2133 medius
1582 2067 1924 2132 intercedit
1979 2067 2149 2132 inter
2192 2065 2479 2132 Atlantis
2534 2067 2774 2132 montis
2820 2088 2954 2130 ver·
2990 2071 2996 2077 '

448 2175 608 2240 tices
656 2178 720 2240 et
767 2198 990 2241 arenas
1039 2176 1301 2261 deserti,
1355 2179 1685 2261 postremo
1743 2174 1811 2239 in
1859 2173 2059 2239 Cerne
2120 2173 2330 2239 insula
2386 2174 2675 2259 emporia
2722 2173 2954 2239 consti-

448 2282 678 2348 tuisset
741 2306 859 2348 nec
930 2306 1067 2348 non
1124 2284 1249 2348 hoc
1320 2283 1585 2370 negotio
1652 2281 1929 2347 feliciter
1992 2286 2255 2366 peracto
2319 2281 2694 2346 ulteriorem
2760 2281 2957 2345 etiam

449 2413 595 2454 orae
642 2395 895 2475 partem
932 2390 1579 2477 praeternavigasset‚
1624 2389 1694 2454 in
1740 2389 2020 2474 patriam
2056 2411 2350 2455 reversus
2397 2388 2718 2458 concisam
2754 2387 2958 2453 totius

446 2496 879 2584 navigationis
942 2497 1377 2562 narrationem
1448 2498 1518 2562 in
1581 2497 1849 2582 publico
1914 2495 2256 2581 proposuit
2321 2494 2430 2584 (cf.
2475 2494 2677 2562 Arist.
2743 2518 2833 2561 or.
2870 2497 2956 2560 48

450 2608 523 2685 [t.
560 2603 623 2668 Π
668 2628 730 2689 p.
760 2606 909 2669 474.
949 2605 990 2670 5
1017 2602 1287 2690 Dind.])‚
1334 2604 1515 2669 cuius
1562 2604 1740 2681 tituli
1777 2603 2138 2669 versionem
2183 2626 2480 2690 graecam
2523 2603 2604 2667 ad
2647 2626 2767 2668 nos
2813 2624 2957 2688 pro-

449 2711 715 2797 pagavit
745 2710 1136 2776 clarissimus
1175 2710 1283 2775 ille
1322 2712 1522 2775 codex
1549 2710 1902 2797 PalatinuS‚
1941 2709 2042 2776 cui
2074 2715 2389 2795 quantum
2427 2710 2705 2775 debeant
2735 2733 2957 2775 omnes
3016 2704 3021 2709 ’

450 2817 905 2905 geographicis
952 2818 1182 2883 studiis
1231 2818 1430 2883 dediti
1466 2817 1576 2883 vix
1615 2823 1712 2883 est
1759 2842 1872 2884 cur
1916 2818 2219 2903 pluribus
2255 2841 2567 2883 moneam.
2640 2818 2770 2884 Res
2808 2840 2959 2883 vero

452 2930 549 2989 est
594 2924 837 2990 nemini
881 2948 1016 2991 non
1057 2927 1238 3011 nota,
1297 2925 1450 2991 huic
1494 2925 1834 2991 Hannonis
1879 2923 2179 2991 relationi
2226 2947 2264 2989 a
2309 2925 2551 2990 renatis
2596 2924 2835 2990 litteris
2881 2925 2961 2988 ad

452 3032 624 3097 hunc
666 3052 873 3117 usque
922 3033 1091 3098 diem
1138 3028 1497 3117 permultos
1543 3054 1809 3117 operam
1858 3055 2125 3097 navasse
2173 3036 2238 3096 et
2284 3031 2657 3119 philologos
2703 3036 2769 3097 et
2814 3055 2960 3119 geo-

361 3215 378 3225 ,
456 3139 758 3226 graphOS‚
794 3161 1001 3224 neque
1041 3139 1108 3204 id
1143 3139 1409 3229 mirum3
1454 3162 1605 3204 nam
1643 3161 1790 3204 cum
1835 3138 1980 3224 ipsa
2026 3138 2315 3204 inaudita
2351 3140 2486 3204 fere
2535 3161 2660 3224 qua
2699 3138 2960 3204 Cartha-

453 3245 845 3333 giniensium
900 3246 1226 3331 expeditio
1282 3248 1569 3332 perfecta
1616 3250 1714 3311 est
1770 3246 2033 3313 audacia
2080 3246 2369 3312 omnium
2415 3246 2484 3311 in
2530 3269 2597 3312 se
2645 3247 2962 3312 convertit

454 3354 673 3418 oculos
686 3352 758 3441 1),
803 3358 944 3419 tum
990 3353 1159 3420 inter
1206 3354 1421 3419 omnia
1469 3377 1629 3440 quae
1679 3354 1756 3418 de
1793 3352 2040 3438 Libyae
2088 3376 2199 3418 ora
2238 3353 2615 3420 occidentali
2662 3357 2962 3439 prostant

455 3461 629 3546 apud
673 3465 921 3533 veteres
929 3514 947 3548 ,
991 3460 1330 3527 Hannonis
1376 3461 1670 3547 periplus
1723 3461 2074 3527 maximam
2120 3462 2391 3546 praebet
2437 3461 2815 3549 utilitatem,
2870 3461 2963 3525 ita

454 3573 528 3633 ut
575 3568 712 3634 iure
758 3569 989 3634 merito
1035 3570 1324 3634 thesauri
1370 3570 1575 3634 instar
1619 3566 2021 3656 habeatur2>.
2110 3568 2422 3635 Attamen
2475 3573 2549 3634 ut
2600 3568 2695 3634 nil
2750 3572 2847 3634 est
2894 3569 2963 3633 in

455 3678 651 3742 rebus
688 3676 1005 3762 humaniS,
1053 3677 1224 3768 quod
1270 3677 1363 3741 ita
1398 3677 1760 3761 perfectum
1797 3676 1899 3762 sit,
1947 3680 2020 3740 ut
2057 3699 2189 3741 non
2226 3677 2435 3761 possit
2472 3676 2681 3763 magis
2718 3675 2961 3762 perfici,

454 3783 547 3847 ita
592 3784 661 3849 in
704 3783 898 3849 huius
946 3806 1201 3869 quoque
1246 3784 1456 3848 libelli
1504 3783 1934 3869 explicatione
1980 3806 2112 3848 non
2157 3806 2363 3868 pauca
2410 3787 2585 3869 sunt,
2639 3805 2801 3869 quae
2849 3784 2961 3869 qui

455 3914 587 3956 non
631 3895 870 3956 temere
917 3891 1282 3976 acquiescat
1336 3891 1611 3956 aliorum
1657 3890 1934 3975 repertis
1941 3941 1960 3977 ‚
2018 3890 2422 3956 retractanda
2476 3891 2961 3977 accuratiusque

458 3998 841 4083 expolienda
913 4020 1052 4067 esse
1125 3997 1464 4085 intellegat
1536 4002 1602 4063 et
1667 3998 1960 4084 quamvis
2033 3997 2524 4063 innumerabilis
2588 3998 2675 4064 sit
2737 4020 2962 4064 eorum

641 4193 693 4261 1)
732 4192 801 4250 cf.
840 4192 1046 4248 Vivien
1082 4192 1153 4248 de
1183 4192 1262 4248 St.
1291 4192 1518 4261 Martin,
1556 4194 1604 4249 le
1636 4195 1782 4249 ‘nord
1815 4194 1882 4249 de
1919 4192 2197 4264 l’Asrique
2232 4194 2377 4248 dans
2411 4194 2725 4263 l’antiquitd
2748 4213 2801 4264 p.
2831 4199 2962 4250 3332

463 4279 601 4335 ‘l’un
640 4279 740 4335 des
776 4281 904 4350 plus
943 4282 1152 4352 grands
1188 4282 1322 4338 faits
1360 4283 1431 4337 de
1466 4280 1829 4352 navigation,
1872 4281 1928 4336 le
1973 4282 2101 4351 plus
2148 4281 2329 4352 grand
2365 4281 2648 4352 peut-etro
2695 4281 2766 4336 de
2802 4283 2962 4337 toute

455 4369 619 4424 l'anti
702 4369 715 4381 ⁰
780 4369 817 4423 .’

621 4370 802 4530 <1231th
851 4457 1057 4516 Vivien
1111 4460 1181 4515 de
1228 4460 1306 4516 St.
1346 4459 1559 4515 Mai-tin
1572 4503 1585 4529 ,
1638 4461 1863 4518 histoire
1915 4462 1982 4516 de
2034 4461 2093 4516 la
2144 4460 2470 4531 ydoyraphie
2524 4464 2575 4514 et
2626 4460 2720 4516 des
2770 4462 2964 4518 de'cou-

459 4554 628 4606 vertes
670 4551 1096 4622 qdoqraphiquee
1140 4568 1193 4620 p.
1235 4557 1328 4606 36:
1378 4551 1477 4603 ‘un
1524 4549 1624 4604 des
1670 4549 1798 4620 plus
1845 4549 2109 4621 precieux
2154 4548 2467 4618 fragments
2513 4549 2964 4620 geographiques

462 4656 568 4708 que
605 4638 925 4709 l'antiquite
961 4656 1103 4694 nous
1142 4639 1225 4693 ait
1258 4637 1495 4709 legues!

2463 4736 2491 4781 1
2508 4728 2538 4761 ³12
