<?xml version="1.0" encoding="UTF-8"?>
<!DOCTYPE html PUBLIC "-//W3C//DTD XHTML 1.0 Transitional//EN"
    "http://www.w3.org/TR/xhtml1/DTD/xhtml1-transitional.dtd">
<html xmlns="http://www.w3.org/1999/xhtml" xml:lang="en" lang="en">
 <head>
  <title>
</title>
<meta http-equiv="Content-Type" content="text/html;charset=utf-8" />
  <meta name='ocr-system' content='tesseract 3.04.00' />
  <meta name='ocr-capabilities' content='ocr_page ocr_carea ocr_par ocr_line ocrx_word'/>
</head>
<body>
  <div class='ocr_page' id='page_1' title='image "./dehannoniscarth00fiscgoog_0029.png"; bbox 0 0 3467 5334; ppageno 0'>
   <div class='ocr_carea' id='block_1_1' title="bbox 1298 415 2886 487">
    <p class='ocr_par' dir='ltr' id='par_1_1' title="bbox 1298 415 2886 487">
     <span class='ocr_line' id='line_1_1' title="bbox 1298 415 2886 487; baseline 0.003 -17"><span class='ocrx_word' id='word_1_1' title='bbox 1298 416 1383 470; x_wconf 94' lang='lat' dir='ltr'>De</span> <span class='ocrx_word' id='word_1_2' title='bbox 1417 415 1706 471; x_wconf 79' lang='lat' dir='ltr'>Hannonis</span> <span class='ocrx_word' id='word_1_3' title='bbox 1743 415 1961 472; x_wconf 87' lang='lat' dir='ltr'>itinere.</span> <span class='ocrx_word' id='word_1_4' title='bbox 2803 422 2886 487; x_wconf 78' lang='lat'>21</span> 
     </span>
    </p>
   </div>
   <div class='ocr_carea' id='block_1_2' title="bbox 359 581 2923 3772">
    <p class='ocr_par' dir='ltr' id='par_1_2' title="bbox 381 581 2891 1203">
     <span class='ocr_line' id='line_1_2' title="bbox 383 581 2891 672; baseline 0.001 -24"><span class='ocrx_word' id='word_1_5' title='bbox 383 587 602 649; x_wconf 83' lang='grc' dir='ltr'><strong><em>πλοῦν</em></strong></span> <span class='ocrx_word' id='word_1_6' title='bbox 647 583 1136 659; x_wconf 86' lang='grc' dir='ltr'><strong><em>κατανύσαντες</em></strong></span> <span class='ocrx_word' id='word_1_7' title='bbox 1189 581 1285 658; x_wconf 84' lang='grc' dir='ltr'>εἰς</span> <span class='ocrx_word' id='word_1_8' title='bbox 1335 583 1454 646; x_wconf 86' lang='grc' dir='ltr'>τὸν</span> <span class='ocrx_word' id='word_1_9' title='bbox 1511 581 1723 665; x_wconf 86' lang='grc' dir='ltr'><strong><em>μυχὸν</em></strong></span> <span class='ocrx_word' id='word_1_10' title='bbox 1778 588 1895 664; x_wconf 83' lang='grc' dir='ltr'>τῆς</span> <span class='ocrx_word' id='word_1_11' title='bbox 1949 583 2184 664; x_wconf 79' lang='grc' dir='ltr'><strong><em>λίμνης</em></strong></span> <span class='ocrx_word' id='word_1_12' title='bbox 2236 582 2536 667; x_wconf 72' lang='grc' dir='ltr'><strong><em>ἤλθομεν</em></strong></span> <span class='ocrx_word' id='word_1_13' title='bbox 2582 581 2748 672; x_wconf 76' lang='grc' dir='ltr'><strong><em>ὑπὲρ</em></strong></span> <span class='ocrx_word' id='word_1_14' title='bbox 2804 586 2891 670; x_wconf 77' lang='grc' dir='ltr'>ἣν</span> 
     </span>
     <span class='ocr_line' id='line_1_3' title="bbox 385 685 2889 778; baseline 0.002 -24"><span class='ocrx_word' id='word_1_15' title='bbox 385 691 506 775; x_wconf 82' lang='grc' dir='ltr'>ὄρη</span> <span class='ocrx_word' id='word_1_16' title='bbox 555 686 828 773; x_wconf 77' lang='grc' dir='ltr'><strong><em>μέγιστα</em></strong></span> <span class='ocrx_word' id='word_1_17' title='bbox 863 685 1263 773; x_wconf 82' lang='grc' dir='ltr'><strong><em>ὑπερέτεινε,</em></strong></span> <span class='ocrx_word' id='word_1_18' title='bbox 1309 687 1513 771; x_wconf 81' lang='grc' dir='ltr'><strong><em>μεστὰ</em></strong></span> <span class='ocrx_word' id='word_1_19' title='bbox 1550 685 1934 773; x_wconf 83' lang='grc' dir='ltr'><strong><em>ἀνθρώπων</em></strong></span> <span class='ocrx_word' id='word_1_20' title='bbox 1976 687 2250 774; x_wconf 78' lang='grc' dir='ltr'><em>ἀγρίων,</em></span> <span class='ocrx_word' id='word_1_21' title='bbox 2310 688 2599 775; x_wconf 80' lang='grc' dir='ltr'><strong><em>δέρματα</em></strong></span> <span class='ocrx_word' id='word_1_22' title='bbox 2642 694 2889 778; x_wconf 78' lang='grc' dir='ltr'><em>θήρεια</em></span> 
     </span>
     <span class='ocr_line' id='line_1_4' title="bbox 383 792 2888 880; baseline 0.001 -19"><span class='ocrx_word' id='word_1_23' title='bbox 383 792 802 880; x_wconf 84' lang='grc' dir='ltr'><strong><em>ἐνημμένων,</em></strong></span> <span class='ocrx_word' id='word_1_24' title='bbox 859 797 930 859; x_wconf 82' lang='grc' dir='ltr'>οἳ</span> <span class='ocrx_word' id='word_1_25' title='bbox 978 792 1242 880; x_wconf 88' lang='grc' dir='ltr'><strong><em>πέτροις</em></strong></span> <span class='ocrx_word' id='word_1_26' title='bbox 1296 793 1656 877; x_wconf 77' lang='grc' dir='ltr'><strong><em>βάλλοντες</em></strong></span> <span class='ocrx_word' id='word_1_27' title='bbox 1709 793 2052 880; x_wconf 79' lang='grc' dir='ltr'><strong><em>ἀπήραξαν</em></strong></span> <span class='ocrx_word' id='word_1_28' title='bbox 2096 794 2296 880; x_wconf 83' lang='grc' dir='ltr'><strong><em>ἡμᾶς,</em></strong></span> <span class='ocrx_word' id='word_1_29' title='bbox 2357 798 2729 877; x_wconf 76' lang='grc' dir='ltr'><strong><em>κωλύοντες</em></strong></span> <span class='ocrx_word' id='word_1_30' title='bbox 2784 799 2888 865; x_wconf 84' lang='grc' dir='ltr'>ἐκ-</span> 
     </span>
     <span class='ocr_line' id='line_1_5' title="bbox 381 899 2883 989; baseline 0.002 -22"><span class='ocrx_word' id='word_1_31' title='bbox 381 906 598 986; x_wconf 76' lang='grc' dir='ltr'><strong><em>βῆναι.</em></strong></span> <span class='ocrx_word' id='word_1_32' title='bbox 672 900 973 967; x_wconf 78' lang='grc' dir='ltr'><strong><em>Ἐκεῖθεν</em></strong></span> <span class='ocrx_word' id='word_1_33' title='bbox 1021 899 1332 979; x_wconf 77' lang='grc' dir='ltr'><strong><em>πλέοντες</em></strong></span> <span class='ocrx_word' id='word_1_34' title='bbox 1384 902 1480 978; x_wconf 84' lang='grc' dir='ltr'>εἰς</span> <span class='ocrx_word' id='word_1_35' title='bbox 1536 899 1764 986; x_wconf 81' lang='grc' dir='ltr'><strong><em>ἕτερον</em></strong></span> <span class='ocrx_word' id='word_1_36' title='bbox 1819 903 2119 986; x_wconf 79' lang='grc' dir='ltr'><strong><em>ἤλθομεν</em></strong></span> <span class='ocrx_word' id='word_1_37' title='bbox 2173 906 2471 988; x_wconf 86' lang='grc' dir='ltr'><strong><em>ποταμὸν</em></strong></span> <span class='ocrx_word' id='word_1_38' title='bbox 2518 904 2726 989; x_wconf 79' lang='grc' dir='ltr'><strong><em>μέγαν</em></strong></span> <span class='ocrx_word' id='word_1_39' title='bbox 2771 905 2883 972; x_wconf 85' lang='grc' dir='ltr'>καὶ</span> 
     </span>
     <span class='ocr_line' id='line_1_6' title="bbox 381 1005 2883 1095; baseline 0.001 -21"><span class='ocrx_word' id='word_1_40' title='bbox 381 1008 658 1090; x_wconf 83' lang='grc' dir='ltr'><strong><em>πλατύν,</em></strong></span> <span class='ocrx_word' id='word_1_41' title='bbox 697 1008 984 1093; x_wconf 79' lang='grc' dir='ltr'><strong><em>γέμοντα</em></strong></span> <span class='ocrx_word' id='word_1_42' title='bbox 1009 1010 1456 1095; x_wconf 78' lang='grc' dir='ltr'><strong><em>κροκοδείλων</em></strong></span> <span class='ocrx_word' id='word_1_43' title='bbox 1483 1005 1593 1074; x_wconf 85' lang='grc' dir='ltr'>καὶ</span> <span class='ocrx_word' id='word_1_44' title='bbox 1631 1008 1851 1073; x_wconf 82' lang='grc' dir='ltr'><strong><em>ἵππων</em></strong></span> <span class='ocrx_word' id='word_1_45' title='bbox 1893 1011 2252 1093; x_wconf 82' lang='grc' dir='ltr'><strong><em>ποταμίων.</em></strong></span> <span class='ocrx_word' id='word_1_46' title='bbox 2310 1007 2518 1076; x_wconf 85' lang='grc' dir='ltr'><strong><em>Ὅθεν</em></strong></span> <span class='ocrx_word' id='word_1_47' title='bbox 2555 1012 2638 1095; x_wconf 78' lang='grc' dir='ltr'>δὴ</span> <span class='ocrx_word' id='word_1_48' title='bbox 2680 1013 2883 1077; x_wconf 81' lang='grc' dir='ltr'><strong><em>πάλιν</em></strong></span> 
     </span>
     <span class='ocr_line' id='line_1_7' title="bbox 387 1113 1900 1203; baseline 0.001 -24"><span class='ocrx_word' id='word_1_49' title='bbox 387 1113 917 1200; x_wconf 81' lang='grc' dir='ltr'><strong><em>ἀποστρέψαντες</em></strong></span> <span class='ocrx_word' id='word_1_50' title='bbox 961 1117 1056 1193; x_wconf 85' lang='grc' dir='ltr'>εἰς</span> <span class='ocrx_word' id='word_1_51' title='bbox 1100 1113 1370 1203; x_wconf 55' lang='grc' dir='ltr'><strong><em>Κέρνην</em></strong></span> <span class='ocrx_word' id='word_1_52' title='bbox 1417 1114 1900 1200; x_wconf 82' lang='grc' dir='ltr'><strong><em>ἐπανήλθομεν.</em></strong></span> 
     </span>
    </p>

    <p class='ocr_par' dir='ltr' id='par_1_3' title="bbox 381 1220 2885 1627">
     <span class='ocr_line' id='line_1_8' title="bbox 557 1220 2883 1310; baseline 0.001 -22"><span class='ocrx_word' id='word_1_53' title='bbox 557 1222 920 1289; x_wconf 79' lang='lat' dir='ltr'>Artissimis</span> <span class='ocrx_word' id='word_1_54' title='bbox 964 1222 1124 1286; x_wconf 89' lang='lat' dir='ltr'>haec</span> <span class='ocrx_word' id='word_1_55' title='bbox 1169 1220 1444 1287; x_wconf 84' lang='lat' dir='ltr'>vinculis</span> <span class='ocrx_word' id='word_1_56' title='bbox 1494 1221 1666 1287; x_wconf 89' lang='lat' dir='ltr'>inter</span> <span class='ocrx_word' id='word_1_57' title='bbox 1712 1244 1781 1286; x_wconf 90' lang='lat' dir='ltr'>se</span> <span class='ocrx_word' id='word_1_58' title='bbox 1838 1221 2180 1288; x_wconf 90' lang='lat' dir='ltr'>coniuncta</span> <span class='ocrx_word' id='word_1_59' title='bbox 2226 1247 2381 1310; x_wconf 86' lang='lat' dir='ltr'>esse,</span> <span class='ocrx_word' id='word_1_60' title='bbox 2427 1225 2496 1290; x_wconf 93' lang='lat' dir='ltr'>in</span> <span class='ocrx_word' id='word_1_61' title='bbox 2537 1227 2883 1310; x_wconf 88' lang='lat' dir='ltr'>propatulo</span> 
     </span>
     <span class='ocr_line' id='line_1_9' title="bbox 382 1328 2883 1418; baseline 0.002 -23"><span class='ocrx_word' id='word_1_62' title='bbox 382 1334 505 1395; x_wconf 88' lang='lat' dir='ltr'>est:</span> <span class='ocrx_word' id='word_1_63' title='bbox 552 1330 633 1393; x_wconf 89' lang='lat' dir='ltr'>ad</span> <span class='ocrx_word' id='word_1_64' title='bbox 671 1329 917 1395; x_wconf 84' lang='lat' dir='ltr'>Cernen</span> <span class='ocrx_word' id='word_1_65' title='bbox 953 1329 1125 1394; x_wconf 88' lang='lat' dir='ltr'>enim</span> <span class='ocrx_word' id='word_1_66' title='bbox 1146 1328 1456 1415; x_wconf 85' lang='lat' dir='ltr'>insulam,</span> <span class='ocrx_word' id='word_1_67' title='bbox 1501 1329 1669 1394; x_wconf 90' lang='lat' dir='ltr'>unde</span> <span class='ocrx_word' id='word_1_68' title='bbox 1706 1329 2037 1414; x_wconf 89' lang='lat' dir='ltr'>profectus</span> <span class='ocrx_word' id='word_1_69' title='bbox 2083 1336 2238 1417; x_wconf 87' lang='lat' dir='ltr'>erat,</span> <span class='ocrx_word' id='word_1_70' title='bbox 2283 1331 2515 1398; x_wconf 89' lang='lat' dir='ltr'>Hanno</span> <span class='ocrx_word' id='word_1_71' title='bbox 2555 1338 2883 1418; x_wconf 91' lang='lat' dir='ltr'>postremo</span> 
     </span>
     <span class='ocr_line' id='line_1_10' title="bbox 381 1435 2885 1528; baseline 0.001 -26"><span class='ocrx_word' id='word_1_72' title='bbox 381 1435 749 1528; x_wconf 84' lang='lat' dir='ltr'>revertitur:</span> <span class='ocrx_word' id='word_1_73' title='bbox 795 1436 962 1501; x_wconf 91' lang='lat' dir='ltr'>unde</span> <span class='ocrx_word' id='word_1_74' title='bbox 1001 1435 1430 1520; x_wconf 89' lang='lat' dir='ltr'>consequitur,</span> <span class='ocrx_word' id='word_1_75' title='bbox 1477 1435 1672 1500; x_wconf 90' lang='lat' dir='ltr'>etiam</span> <span class='ocrx_word' id='word_1_76' title='bbox 1709 1459 1749 1500; x_wconf 89' lang='lat' dir='ltr'>a</span> <span class='ocrx_word' id='word_1_77' title='bbox 1782 1436 1976 1501; x_wconf 92' lang='lat' dir='ltr'>nobis</span> <span class='ocrx_word' id='word_1_78' title='bbox 2013 1438 2406 1505; x_wconf 89' lang='lat' dir='ltr'>coniunctim</span> <span class='ocrx_word' id='word_1_79' title='bbox 2442 1462 2518 1504; x_wconf 90' lang='lat' dir='ltr'>ea</span> <span class='ocrx_word' id='word_1_80' title='bbox 2553 1441 2885 1505; x_wconf 87' lang='lat' dir='ltr'>tractanda</span> 
     </span>
     <span class='ocr_line' id='line_1_11' title="bbox 382 1542 1647 1627; baseline -0.001 -18"><span class='ocrx_word' id='word_1_81' title='bbox 382 1548 449 1609; x_wconf 89' lang='lat' dir='ltr'>et</span> <span class='ocrx_word' id='word_1_82' title='bbox 492 1543 547 1609; x_wconf 90' lang='lat' dir='ltr'>si</span> <span class='ocrx_word' id='word_1_83' title='bbox 593 1543 733 1608; x_wconf 91' lang='lat' dir='ltr'>fieri</span> <span class='ocrx_word' id='word_1_84' title='bbox 778 1542 1020 1627; x_wconf 91' lang='lat' dir='ltr'>poterit</span> <span class='ocrx_word' id='word_1_85' title='bbox 1068 1542 1447 1627; x_wconf 84' lang='lat' dir='ltr'>explicanda</span> <span class='ocrx_word' id='word_1_86' title='bbox 1493 1565 1647 1608; x_wconf 92' lang='lat' dir='ltr'>esse.</span> 
     </span>
    </p>

    <p class='ocr_par' dir='ltr' id='par_1_4' title="bbox 366 1648 2883 2807">
     <span class='ocr_line' id='line_1_12' title="bbox 555 1648 2883 1719; baseline 0.001 -3"><span class='ocrx_word' id='word_1_87' title='bbox 555 1648 718 1716; x_wconf 90' lang='lat' dir='ltr'>Cum</span> <span class='ocrx_word' id='word_1_88' title='bbox 763 1672 914 1714; x_wconf 84' lang='lat' dir='ltr'>vero</span> <span class='ocrx_word' id='word_1_89' title='bbox 960 1650 1082 1714; x_wconf 90' lang='lat' dir='ltr'>hac</span> <span class='ocrx_word' id='word_1_90' title='bbox 1135 1649 1204 1714; x_wconf 89' lang='lat' dir='ltr'>in</span> <span class='ocrx_word' id='word_1_91' title='bbox 1251 1672 1319 1714; x_wconf 92' lang='lat' dir='ltr'>re</span> <span class='ocrx_word' id='word_1_92' title='bbox 1366 1649 1649 1715; x_wconf 92' lang='lat' dir='ltr'>rationes</span> <span class='ocrx_word' id='word_1_93' title='bbox 1703 1666 1883 1715; x_wconf 87' lang='lat' dir='ltr'>meae</span> <span class='ocrx_word' id='word_1_94' title='bbox 1940 1655 2079 1716; x_wconf 90' lang='lat' dir='ltr'>toto</span> <span class='ocrx_word' id='word_1_95' title='bbox 2136 1652 2313 1717; x_wconf 91' lang='lat' dir='ltr'>coelo</span> <span class='ocrx_word' id='word_1_96' title='bbox 2370 1653 2611 1718; x_wconf 90' lang='lat' dir='ltr'>distent</span> <span class='ocrx_word' id='word_1_97' title='bbox 2656 1677 2695 1718; x_wconf 89' lang='lat' dir='ltr'>a</span> <span class='ocrx_word' id='word_1_98' title='bbox 2739 1654 2883 1719; x_wconf 92' lang='lat' dir='ltr'>reli-</span> 
     </span>
     <span class='ocr_line' id='line_1_13' title="bbox 376 1756 2881 1845; baseline 0.002 -24"><span class='ocrx_word' id='word_1_99' title='bbox 376 1779 651 1841; x_wconf 92' lang='lat' dir='ltr'>quorum</span> <span class='ocrx_word' id='word_1_100' title='bbox 687 1757 1135 1842; x_wconf 71' lang='lat' dir='ltr'><strong>interpretum,</strong></span> <span class='ocrx_word' id='word_1_101' title='bbox 1171 1756 1550 1841; x_wconf 82' lang='lat' dir='ltr'>priusquam</span> <span class='ocrx_word' id='word_1_102' title='bbox 1593 1779 1958 1844; x_wconf 76' lang='lat' dir='ltr'>pergamuS,</span> <span class='ocrx_word' id='word_1_103' title='bbox 1997 1757 2374 1845; x_wconf 86' lang='lat' dir='ltr'>diligentius</span> <span class='ocrx_word' id='word_1_104' title='bbox 2403 1758 2581 1823; x_wconf 86' lang='lat' dir='ltr'>iuvat</span> <span class='ocrx_word' id='word_1_105' title='bbox 2618 1760 2881 1826; x_wconf 88' lang='lat' dir='ltr'>circum-</span> 
     </span>
     <span class='ocr_line' id='line_1_14' title="bbox 374 1863 2881 1951; baseline 0.002 -23"><span class='ocrx_word' id='word_1_106' title='bbox 374 1863 640 1950; x_wconf 81' lang='lat' dir='ltr'>spicere,</span> <span class='ocrx_word' id='word_1_107' title='bbox 696 1864 1017 1949; x_wconf 89' lang='lat' dir='ltr'>quomodo</span> <span class='ocrx_word' id='word_1_108' title='bbox 1072 1864 1170 1928; x_wconf 86' lang='lat' dir='ltr'>illi</span> <span class='ocrx_word' id='word_1_109' title='bbox 1227 1886 1307 1929; x_wconf 82' lang='lat' dir='ltr'>ex</span> <span class='ocrx_word' id='word_1_110' title='bbox 1359 1863 1463 1930; x_wconf 86' lang='lat' dir='ltr'>his</span> <span class='ocrx_word' id='word_1_111' title='bbox 1518 1864 1840 1951; x_wconf 85' lang='lat' dir='ltr'>angustiis</span> <span class='ocrx_word' id='word_1_112' title='bbox 1905 1887 2042 1930; x_wconf 91' lang='lat' dir='ltr'>sese</span> <span class='ocrx_word' id='word_1_113' title='bbox 2101 1866 2560 1950; x_wconf 85' lang='lat' dir='ltr'>expediverint.</span> <span class='ocrx_word' id='word_1_114' title='bbox 2653 1867 2881 1944; x_wconf 84' lang='lat' dir='ltr'>Quam-</span> 
     </span>
     <span class='ocr_line' id='line_1_15' title="bbox 375 1971 2881 2059; baseline 0.002 -24"><span class='ocrx_word' id='word_1_115' title='bbox 375 1994 567 2056; x_wconf 84' lang='lat' dir='ltr'><strong>quam</strong></span> <span class='ocrx_word' id='word_1_116' title='bbox 612 1971 680 2036; x_wconf 91' lang='lat' dir='ltr'>id</span> <span class='ocrx_word' id='word_1_117' title='bbox 723 1994 933 2057; x_wconf 91' lang='lat' dir='ltr'>neque</span> <span class='ocrx_word' id='word_1_118' title='bbox 979 1993 1195 2036; x_wconf 92' lang='lat' dir='ltr'>meum</span> <span class='ocrx_word' id='word_1_119' title='bbox 1250 1975 1347 2036; x_wconf 92' lang='lat' dir='ltr'>est</span> <span class='ocrx_word' id='word_1_120' title='bbox 1399 1993 1609 2056; x_wconf 90' lang='lat' dir='ltr'>neque</span> <span class='ocrx_word' id='word_1_121' title='bbox 1665 1975 1884 2056; x_wconf 91' lang='lat' dir='ltr'>potest</span> <span class='ocrx_word' id='word_1_122' title='bbox 1940 1995 2106 2059; x_wconf 87' lang='lat' dir='ltr'>esse,</span> <span class='ocrx_word' id='word_1_123' title='bbox 2164 1977 2371 2038; x_wconf 92' lang='lat' dir='ltr'>totam</span> <span class='ocrx_word' id='word_1_124' title='bbox 2417 1975 2881 2041; x_wconf 91' lang='lat' dir='ltr'>sententiarum</span> 
     </span>
     <span class='ocr_line' id='line_1_16' title="bbox 371 2077 2879 2165; baseline 0 -21"><span class='ocrx_word' id='word_1_125' title='bbox 371 2079 762 2165; x_wconf 85' lang='lat' dir='ltr'>farraginem</span> <span class='ocrx_word' id='word_1_126' title='bbox 808 2079 876 2143; x_wconf 89' lang='lat' dir='ltr'>in</span> <span class='ocrx_word' id='word_1_127' title='bbox 921 2078 1204 2143; x_wconf 88' lang='lat' dir='ltr'>medium</span> <span class='ocrx_word' id='word_1_128' title='bbox 1240 2078 1557 2162; x_wconf 86' lang='lat' dir='ltr'>proferre:</span> <span class='ocrx_word' id='word_1_129' title='bbox 1603 2077 1804 2143; x_wconf 92' lang='lat' dir='ltr'>immo</span> <span class='ocrx_word' id='word_1_130' title='bbox 1848 2102 1931 2143; x_wconf 93' lang='lat' dir='ltr'>ne</span> <span class='ocrx_word' id='word_1_131' title='bbox 1977 2080 2263 2145; x_wconf 88' lang='lat' dir='ltr'>taedium</span> <span class='ocrx_word' id='word_1_132' title='bbox 2310 2084 2481 2145; x_wconf 90' lang='lat' dir='ltr'>creet</span> <span class='ocrx_word' id='word_1_133' title='bbox 2526 2079 2879 2145; x_wconf 86' lang='lat' dir='ltr'>infructuo-</span> 
     </span>
     <span class='ocr_line' id='line_1_17' title="bbox 372 2183 2880 2274; baseline 0 -24"><span class='ocrx_word' id='word_1_134' title='bbox 372 2207 588 2251; x_wconf 88' lang='lat' dir='ltr'>sarum</span> <span class='ocrx_word' id='word_1_135' title='bbox 631 2208 846 2251; x_wconf 88' lang='lat' dir='ltr'>rerum</span> <span class='ocrx_word' id='word_1_136' title='bbox 893 2183 1416 2251; x_wconf 71' lang='lat' dir='ltr'>commemoratio</span> <span class='ocrx_word' id='word_1_137' title='bbox 1465 2188 1530 2248; x_wconf 92' lang='lat' dir='ltr'>et</span> <span class='ocrx_word' id='word_1_138' title='bbox 1566 2184 1728 2249; x_wconf 86' lang='lat' dir='ltr'>mihi</span> <span class='ocrx_word' id='word_1_139' title='bbox 1777 2189 1842 2249; x_wconf 94' lang='lat' dir='ltr'>et</span> <span class='ocrx_word' id='word_1_140' title='bbox 1876 2185 2249 2272; x_wconf 88' lang='lat' dir='ltr'>lectoribus,</span> <span class='ocrx_word' id='word_1_141' title='bbox 2297 2191 2604 2272; x_wconf 89' lang='lat' dir='ltr'>quattuor</span> <span class='ocrx_word' id='word_1_142' title='bbox 2641 2186 2880 2274; x_wconf 85' lang='lat' dir='ltr'>eligam</span> 
     </span>
     <span class='ocr_line' id='line_1_18' title="bbox 371 2291 2879 2381; baseline 0.002 -25"><span class='ocrx_word' id='word_1_143' title='bbox 371 2291 688 2378; x_wconf 74' lang='lat' dir='ltr'>sagaciter</span> <span class='ocrx_word' id='word_1_144' title='bbox 752 2292 1010 2378; x_wconf 89' lang='lat' dir='ltr'>quidem</span> <span class='ocrx_word' id='word_1_145' title='bbox 1074 2291 1474 2377; x_wconf 86' lang='lat' dir='ltr'>excogitatas</span> <span class='ocrx_word' id='word_1_146' title='bbox 1538 2314 1611 2355; x_wconf 91' lang='lat' dir='ltr'>ac</span> <span class='ocrx_word' id='word_1_147' title='bbox 1674 2291 2002 2376; x_wconf 91' lang='lat' dir='ltr'>plerisque</span> <span class='ocrx_word' id='word_1_148' title='bbox 2058 2294 2369 2377; x_wconf 91' lang='lat' dir='ltr'>probatas</span> <span class='ocrx_word' id='word_1_149' title='bbox 2431 2293 2589 2361; x_wconf 82' lang='lat' dir='ltr'>viris</span> <span class='ocrx_word' id='word_1_150' title='bbox 2645 2294 2879 2381; x_wconf 87' lang='lat' dir='ltr'>doctis;</span> 
     </span>
     <span class='ocr_line' id='line_1_19' title="bbox 368 2399 2876 2488; baseline 0.001 -23"><span class='ocrx_word' id='word_1_151' title='bbox 368 2399 649 2485; x_wconf 84' lang='lat' dir='ltr'>reliquas</span> <span class='ocrx_word' id='word_1_152' title='bbox 703 2399 814 2465; x_wconf 82' lang='lat' dir='ltr'>vix</span> <span class='ocrx_word' id='word_1_153' title='bbox 878 2400 1133 2486; x_wconf 84' lang='lat' dir='ltr'>dignas,</span> <span class='ocrx_word' id='word_1_154' title='bbox 1198 2421 1360 2484; x_wconf 89' lang='lat' dir='ltr'>quae</span> <span class='ocrx_word' id='word_1_155' title='bbox 1426 2403 2032 2485; x_wconf 87' lang='lat' dir='ltr'>commemorentur,</span> <span class='ocrx_word' id='word_1_156' title='bbox 2097 2400 2356 2465; x_wconf 87' lang='lat' dir='ltr'>silentio</span> <span class='ocrx_word' id='word_1_157' title='bbox 2420 2401 2791 2485; x_wconf 77' lang='lat' dir='ltr'>praeteribo</span> <span class='ocrx_word' id='word_1_158' title='bbox 2809 2399 2876 2488; x_wconf 88' lang='lat'>¹).</span> 
     </span>
     <span class='ocr_line' id='line_1_20' title="bbox 366 2505 2878 2595; baseline 0.001 -23"><span class='ocrx_word' id='word_1_159' title='bbox 366 2505 444 2571; x_wconf 92' lang='lat' dir='ltr'>In</span> <span class='ocrx_word' id='word_1_160' title='bbox 509 2529 779 2591; x_wconf 89' lang='lat' dir='ltr'>quarum</span> <span class='ocrx_word' id='word_1_161' title='bbox 841 2528 1108 2571; x_wconf 92' lang='lat' dir='ltr'>numero</span> <span class='ocrx_word' id='word_1_162' title='bbox 1183 2529 1258 2570; x_wconf 88' lang='lat' dir='ltr'>ea</span> <span class='ocrx_word' id='word_1_163' title='bbox 1322 2528 1577 2591; x_wconf 91' lang='lat' dir='ltr'>quoque</span> <span class='ocrx_word' id='word_1_164' title='bbox 1641 2506 1939 2571; x_wconf 88' lang='lat' dir='ltr'>habenda</span> <span class='ocrx_word' id='word_1_165' title='bbox 2004 2511 2127 2592; x_wconf 89' lang='lat' dir='ltr'>est,</span> <span class='ocrx_word' id='word_1_166' title='bbox 2202 2530 2395 2592; x_wconf 90' lang='lat' dir='ltr'>quam</span> <span class='ocrx_word' id='word_1_167' title='bbox 2459 2507 2878 2595; x_wconf 84' lang='lat' dir='ltr'>Gosselinius,</span> 
     </span>
     <span class='ocr_line' id='line_1_21' title="bbox 367 2611 2877 2700; baseline 0.001 -22"><span class='ocrx_word' id='word_1_168' title='bbox 367 2613 860 2698; x_wconf 79' lang='lat' dir='ltr'>HumboldtiuS,</span> <span class='ocrx_word' id='word_1_169' title='bbox 921 2614 1326 2698; x_wconf 78' lang='lat' dir='ltr'>LeleweliuS,</span> <span class='ocrx_word' id='word_1_170' title='bbox 1389 2613 1605 2678; x_wconf 87' lang='lat' dir='ltr'>Ritter</span> <span class='ocrx_word' id='word_1_171' title='bbox 1617 2611 1670 2699; x_wconf 78' lang='grc'>2)</span> <span class='ocrx_word' id='word_1_172' title='bbox 1738 2615 2017 2698; x_wconf 86' lang='lat' dir='ltr'>professi</span> <span class='ocrx_word' id='word_1_173' title='bbox 2080 2620 2258 2700; x_wconf 87' lang='lat' dir='ltr'>sunt,</span> <span class='ocrx_word' id='word_1_174' title='bbox 2323 2615 2433 2699; x_wconf 90' lang='lat' dir='ltr'>qui</span> <span class='ocrx_word' id='word_1_175' title='bbox 2499 2614 2576 2679; x_wconf 91' lang='lat' dir='ltr'>de</span> <span class='ocrx_word' id='word_1_176' title='bbox 2637 2617 2877 2682; x_wconf 82' lang='lat' dir='ltr'>Fedala</span> 
     </span>
     <span class='ocr_line' id='line_1_22' title="bbox 368 2718 1072 2807; baseline 0.001 -24"><span class='ocrx_word' id='word_1_177' title='bbox 368 2718 578 2784; x_wconf 91' lang='lat' dir='ltr'>insula</span> <span class='ocrx_word' id='word_1_178' title='bbox 624 2721 990 2807; x_wconf 88' lang='lat' dir='ltr'>cogitarunt</span> <span class='ocrx_word' id='word_1_179' title='bbox 1001 2719 1072 2807; x_wconf 77' lang='lat'>⁸).</span> 
     </span>
    </p>

    <p class='ocr_par' dir='ltr' id='par_1_5' title="bbox 365 2826 2877 3553">
     <span class='ocr_line' id='line_1_23' title="bbox 470 2826 2877 2914; baseline 0.001 -21"><span class='ocrx_word' id='word_1_180' title='bbox 470 2838 491 2846; x_wconf 70' lang='grc'><em>“</em></span> <span class='ocrx_word' id='word_1_181' title='bbox 542 2826 680 2893; x_wconf 90' lang='lat' dir='ltr'>Iam</span> <span class='ocrx_word' id='word_1_182' title='bbox 744 2851 895 2893; x_wconf 84' lang='lat' dir='ltr'>vero</span> <span class='ocrx_word' id='word_1_183' title='bbox 959 2828 1177 2913; x_wconf 92' lang='lat' dir='ltr'>multi,</span> <span class='ocrx_word' id='word_1_184' title='bbox 1243 2827 1479 2912; x_wconf 90' lang='lat' dir='ltr'>quibus</span> <span class='ocrx_word' id='word_1_185' title='bbox 1532 2851 1660 2893; x_wconf 89' lang='lat' dir='ltr'>una</span> <span class='ocrx_word' id='word_1_186' title='bbox 1725 2829 2006 2914; x_wconf 92' lang='lat' dir='ltr'>quidem·</span> <span class='ocrx_word' id='word_1_187' title='bbox 2044 2853 2124 2895; x_wconf 84' lang='lat' dir='ltr'>ex</span> <span class='ocrx_word' id='word_1_188' title='bbox 2187 2834 2375 2914; x_wconf 88' lang='lat' dir='ltr'>parte</span> <span class='ocrx_word' id='word_1_189' title='bbox 2443 2829 2877 2914; x_wconf 86' lang='lat' dir='ltr'>adstipulatur</span> 
     </span>
     <span class='ocr_line' id='line_1_24' title="bbox 367 2919 2874 3023; baseline 0.001 -24"><span class='ocrx_word' id='word_1_190' title='bbox 367 2934 562 2999; x_wconf 88' lang='lat' dir='ltr'>etiam</span> <span class='ocrx_word' id='word_1_191' title='bbox 608 2932 1051 3021; x_wconf 77' lang='lat' dir='ltr'>Kiepertus4),</span> <span class='ocrx_word' id='word_1_192' title='bbox 1105 2935 1204 2999; x_wconf 87' lang='lat' dir='ltr'>vir</span> <span class='ocrx_word' id='word_1_193' title='bbox 1259 2935 1585 3023; x_wconf 75' lang='lat' dir='ltr'>egregiu8‚</span> <span class='ocrx_word' id='word_1_194' title='bbox 1633 2935 1883 3002; x_wconf 82' lang='lat' dir='ltr'>Cernen</span> <span class='ocrx_word' id='word_1_195' title='bbox 1939 2959 2019 3002; x_wconf 83' lang='lat' dir='ltr'>ex</span> <span class='ocrx_word' id='word_1_196' title='bbox 2073 2919 2339 3002; x_wconf 85' lang='lat' dir='ltr'>adverso</span> <span class='ocrx_word' id='word_1_197' title='bbox 2387 2936 2681 3000; x_wconf 82' lang='lat' dir='ltr'>hodierni</span> <span class='ocrx_word' id='word_1_198' title='bbox 2727 2959 2874 3020; x_wconf 92' lang='lat' dir='ltr'>pro-</span> 
     </span>
     <span class='ocr_line' id='line_1_25' title="bbox 366 3042 2873 3128; baseline 0.001 -23"><span class='ocrx_word' id='word_1_199' title='bbox 366 3042 678 3107; x_wconf 89' lang='lat' dir='ltr'>munturii</span> <span class='ocrx_word' id='word_1_200' title='bbox 743 3043 867 3108; x_wconf 78' lang='lat' dir='ltr'>Gir</span> <span class='ocrx_word' id='word_1_201' title='bbox 934 3046 1159 3107; x_wconf 89' lang='lat' dir='ltr'>contra</span> <span class='ocrx_word' id='word_1_202' title='bbox 1223 3042 1558 3109; x_wconf 87' lang='lat' dir='ltr'>Atlantem</span> <span class='ocrx_word' id='word_1_203' title='bbox 1631 3049 1920 3109; x_wconf 91' lang='lat' dir='ltr'>montem</span> <span class='ocrx_word' id='word_1_204' title='bbox 1985 3044 2177 3110; x_wconf 84' lang='lat' dir='ltr'>sitam</span> <span class='ocrx_word' id='word_1_205' title='bbox 2240 3043 2438 3109; x_wconf 84' lang='lat' dir='ltr'>fuisse</span> <span class='ocrx_word' id='word_1_206' title='bbox 2506 3043 2873 3128; x_wconf 89' lang='lat' dir='ltr'>opinantur,</span> 
     </span>
     <span class='ocr_line' id='line_1_26' title="bbox 367 3148 2872 3223; baseline 0.002 -11"><span class='ocrx_word' id='word_1_207' title='bbox 367 3170 513 3212; x_wconf 89' lang='lat' dir='ltr'>cum</span> <span class='ocrx_word' id='word_1_208' title='bbox 577 3149 702 3213; x_wconf 90' lang='lat' dir='ltr'>duo</span> <span class='ocrx_word' id='word_1_209' title='bbox 756 3148 1093 3214; x_wconf 89' lang='lat' dir='ltr'>Hannonis</span> <span class='ocrx_word' id='word_1_210' title='bbox 1148 3149 1415 3215; x_wconf 89' lang='lat' dir='ltr'>flumina</span> <span class='ocrx_word' id='word_1_211' title='bbox 1469 3149 1552 3214; x_wconf 92' lang='lat' dir='ltr'>ad</span> <span class='ocrx_word' id='word_1_212' title='bbox 1605 3151 1950 3217; x_wconf 87' lang='lat' dir='ltr'>hodiernos</span> <span class='ocrx_word' id='word_1_213' title='bbox 2017 3152 2147 3219; x_wconf 80' lang='lat' dir='ltr'>Ued</span> <span class='ocrx_word' id='word_1_214' title='bbox 2196 3152 2320 3218; x_wconf 78' lang='lat' dir='ltr'>Sus</span> <span class='ocrx_word' id='word_1_215' title='bbox 2375 3155 2440 3216; x_wconf 89' lang='lat' dir='ltr'>et</span> <span class='ocrx_word' id='word_1_216' title='bbox 2506 3152 2638 3223; x_wconf 81' lang='lat' dir='ltr'>Ued</span> <span class='ocrx_word' id='word_1_217' title='bbox 2687 3153 2872 3217; x_wconf 80' lang='lat' dir='ltr'>Mesa</span> 
     </span>
     <span class='ocr_line' id='line_1_27' title="bbox 367 3256 2869 3345; baseline 0.001 -26"><span class='ocrx_word' id='word_1_218' title='bbox 367 3256 664 3321; x_wconf 86' lang='lat' dir='ltr'>referant.</span> <span class='ocrx_word' id='word_1_219' title='bbox 747 3256 890 3322; x_wconf 90' lang='lat' dir='ltr'>Hoc</span> <span class='ocrx_word' id='word_1_220' title='bbox 927 3279 1040 3322; x_wconf 90' lang='lat' dir='ltr'>cur</span> <span class='ocrx_word' id='word_1_221' title='bbox 1086 3257 1341 3323; x_wconf 84' lang='lat' dir='ltr'>admitti</span> <span class='ocrx_word' id='word_1_222' title='bbox 1386 3264 1683 3343; x_wconf 85' lang='lat' dir='ltr'>nequeat,</span> <span class='ocrx_word' id='word_1_223' title='bbox 1730 3283 1810 3324; x_wconf 83' lang='lat' dir='ltr'>ex</span> <span class='ocrx_word' id='word_1_224' title='bbox 1857 3260 1950 3325; x_wconf 86' lang='lat' dir='ltr'>eis</span> <span class='ocrx_word' id='word_1_225' title='bbox 1998 3282 2160 3345; x_wconf 90' lang='lat' dir='ltr'>quae</span> <span class='ocrx_word' id='word_1_226' title='bbox 2207 3280 2404 3342; x_wconf 90' lang='lat' dir='ltr'>supra</span> <span class='ocrx_word' id='word_1_227' title='bbox 2451 3257 2869 3342; x_wconf 84' lang='lat' dir='ltr'>exposuimus</span> 
     </span>
     <span class='ocr_line' id='line_1_28' title="bbox 367 3361 2867 3451; baseline 0.002 -24"><span class='ocrx_word' id='word_1_228' title='bbox 367 3361 436 3426; x_wconf 90' lang='lat' dir='ltr'>in</span> <span class='ocrx_word' id='word_1_229' title='bbox 489 3369 799 3448; x_wconf 91' lang='lat' dir='ltr'>promptu</span> <span class='ocrx_word' id='word_1_230' title='bbox 854 3369 979 3447; x_wconf 85' lang='lat' dir='ltr'>est,</span> <span class='ocrx_word' id='word_1_231' title='bbox 1035 3365 1416 3449; x_wconf 88' lang='lat' dir='ltr'>praesertim</span> <span class='ocrx_word' id='word_1_232' title='bbox 1473 3388 1619 3431; x_wconf 91' lang='lat' dir='ltr'>cum</span> <span class='ocrx_word' id='word_1_233' title='bbox 1672 3389 1882 3451; x_wconf 91' lang='lat' dir='ltr'>neque</span> <span class='ocrx_word' id='word_1_234' title='bbox 1927 3364 2267 3431; x_wconf 87' lang='lat' dir='ltr'>Hannonis</span> <span class='ocrx_word' id='word_1_235' title='bbox 2311 3369 2504 3437; x_wconf 87' lang='lat' dir='ltr'>notae</span> <span class='ocrx_word' id='word_1_236' title='bbox 2552 3365 2867 3450; x_wconf 88' lang='lat' dir='ltr'>quadrent</span> 
     </span>
     <span class='ocr_line' id='line_1_29' title="bbox 365 3469 1360 3553; baseline 0.003 -20"><span class='ocrx_word' id='word_1_237' title='bbox 365 3491 571 3553; x_wconf 90' lang='lat' dir='ltr'>neque</span> <span class='ocrx_word' id='word_1_238' title='bbox 616 3469 793 3535; x_wconf 89' lang='lat' dir='ltr'>lacus</span> <span class='ocrx_word' id='word_1_239' title='bbox 838 3470 934 3535; x_wconf 92' lang='lat' dir='ltr'>ibi</span> <span class='ocrx_word' id='word_1_240' title='bbox 980 3470 1360 3536; x_wconf 84' lang='lat' dir='ltr'>inveniatur.</span> 
     </span>
    </p>

    <p class='ocr_par' dir='ltr' id='par_1_6' title="bbox 359 3576 2923 3772">
     <span class='ocr_line' id='line_1_30' title="bbox 538 3576 2923 3668; baseline 0.003 -27"><span class='ocrx_word' id='word_1_241' title='bbox 538 3576 1112 3663; x_wconf 83' lang='lat' dir='ltr'>Progredientibus</span> <span class='ocrx_word' id='word_1_242' title='bbox 1177 3582 1393 3643; x_wconf 90' lang='lat' dir='ltr'>autem</span> <span class='ocrx_word' id='word_1_243' title='bbox 1455 3579 1648 3644; x_wconf 89' lang='lat' dir='ltr'>nobis</span> <span class='ocrx_word' id='word_1_244' title='bbox 1722 3579 1871 3644; x_wconf 91' lang='lat' dir='ltr'>inde</span> <span class='ocrx_word' id='word_1_245' title='bbox 1934 3602 1974 3644; x_wconf 90' lang='lat' dir='ltr'>a</span> <span class='ocrx_word' id='word_1_246' title='bbox 2035 3578 2210 3645; x_wconf 91' lang='lat' dir='ltr'>Draa</span> <span class='ocrx_word' id='word_1_247' title='bbox 2272 3579 2469 3644; x_wconf 85' lang='lat' dir='ltr'>fluvio</span> <span class='ocrx_word' id='word_1_248' title='bbox 2534 3579 2867 3668; x_wconf 85' lang='lat' dir='ltr'>meridiem</span> <span class='ocrx_word' id='word_1_249' title='bbox 2916 3643 2923 3649; x_wconf 88' lang='lat'>.</span> 
     </span>
     <span class='ocr_line' id='line_1_31' title="bbox 359 3685 2864 3772; baseline 0.001 -23"><span class='ocrx_word' id='word_1_250' title='bbox 359 3706 580 3751; x_wconf 85' lang='lat' dir='ltr'>versus</span> <span class='ocrx_word' id='word_1_251' title='bbox 629 3685 740 3770; x_wconf 95' lang='lat' dir='ltr'>qui</span> <span class='ocrx_word' id='word_1_252' title='bbox 785 3686 1035 3770; x_wconf 90' lang='lat' dir='ltr'>primus</span> <span class='ocrx_word' id='word_1_253' title='bbox 1082 3686 1358 3752; x_wconf 90' lang='lat' dir='ltr'>occurrit</span> <span class='ocrx_word' id='word_1_254' title='bbox 1411 3686 1618 3752; x_wconf 91' lang='lat' dir='ltr'>maior</span> <span class='ocrx_word' id='word_1_255' title='bbox 1662 3686 1841 3752; x_wconf 88' lang='lat' dir='ltr'>sinus</span> <span class='ocrx_word' id='word_1_256' title='bbox 1886 3686 2078 3751; x_wconf 91' lang='lat' dir='ltr'>hodie</span> <span class='ocrx_word' id='word_1_257' title='bbox 2131 3691 2422 3771; x_wconf 82' lang='lat' dir='ltr'>vocatur,</span> <span class='ocrx_word' id='word_1_258' title='bbox 2478 3709 2864 3772; x_wconf 90' lang='lat' dir='ltr'>quamquam</span> 
     </span>
    </p>
   </div>
   <div class='ocr_carea' id='block_1_3' title="bbox 360 3848 507 3855">
    <p class='ocr_par' dir='ltr' id='par_1_7' title="bbox 360 3848 507 3855">
     <span class='ocr_line' id='line_1_32' title="bbox 360 3848 507 3855; baseline 0.014 -2"><span class='ocrx_word' id='word_1_259' title='bbox 360 3848 507 3855; x_wconf 58' lang='lat'><em>——0-</em></span> 
     </span>
    </p>
   </div>
   <div class='ocr_carea' id='block_1_4' title="bbox 520 3849 785 3856">
    <p class='ocr_par' dir='ltr' id='par_1_8' title="bbox 520 3849 785 3856">
     <span class='ocr_line' id='line_1_33' title="bbox 520 3849 785 3856; baseline 0 1478"><span class='ocrx_word' id='word_1_260' title='bbox 520 3849 785 3856; x_wconf 95' lang='lat' dir='ltr'> </span> 
     </span>
    </p>
   </div>
   <div class='ocr_carea' id='block_1_5' title="bbox 353 3949 2864 4648">
    <p class='ocr_par' dir='ltr' id='par_1_9' title="bbox 357 3949 2864 4201">
     <span class='ocr_line' id='line_1_34' title="bbox 537 3949 2863 4025; baseline 0.002 -23"><span class='ocrx_word' id='word_1_261' title='bbox 537 3950 589 4018; x_wconf 90' lang='lat'>1)</span> <span class='ocrx_word' id='word_1_262' title='bbox 627 3950 695 4004; x_wconf 86' lang='lat' dir='ltr'>of.</span> <span class='ocrx_word' id='word_1_263' title='bbox 726 3950 966 4006; x_wconf 90' lang='lat' dir='ltr'>Mueller</span> <span class='ocrx_word' id='word_1_264' title='bbox 993 3953 1140 4022; x_wconf 78' lang='lat' dir='ltr'>prol.</span> <span class='ocrx_word' id='word_1_265' title='bbox 1177 3969 1232 4021; x_wconf 88' lang='lat' dir='ltr'>p.</span> <span class='ocrx_word' id='word_1_266' title='bbox 1261 3950 1417 4007; x_wconf 86' lang='lat' dir='ltr'>XXX</span> <span class='ocrx_word' id='word_1_267' title='bbox 1455 3950 1582 4008; x_wconf 81' lang='lat' dir='ltr'>adn.</span> <span class='ocrx_word' id='word_1_268' title='bbox 1614 3956 1664 4021; x_wconf 88' lang='lat'>1,</span> <span class='ocrx_word' id='word_1_269' title='bbox 1702 3951 1801 4020; x_wconf 92' lang='lat' dir='ltr'>qui</span> <span class='ocrx_word' id='word_1_270' title='bbox 1836 3951 1957 4005; x_wconf 88' lang='lat' dir='ltr'>iure</span> <span class='ocrx_word' id='word_1_271' title='bbox 1986 3967 2177 4005; x_wconf 88' lang='lat' dir='ltr'>eorum</span> <span class='ocrx_word' id='word_1_272' title='bbox 2207 3949 2628 4025; x_wconf 75' lang='lat' dir='ltr'>opinationibus</span> <span class='ocrx_word' id='word_1_273' title='bbox 2666 3952 2863 4008; x_wconf 89' lang='lat' dir='ltr'>immo-</span> 
     </span>
     <span class='ocr_line' id='line_1_35' title="bbox 357 4037 2864 4113; baseline 0.003 -22"><span class='ocrx_word' id='word_1_274' title='bbox 357 4037 473 4092; x_wconf 84' lang='lat' dir='ltr'>rari</span> <span class='ocrx_word' id='word_1_275' title='bbox 508 4041 865 4108; x_wconf 82' lang='lat' dir='ltr'>aspernatur,</span> <span class='ocrx_word' id='word_1_276' title='bbox 911 4041 1007 4110; x_wconf 90' lang='lat' dir='ltr'>qui</span> <span class='ocrx_word' id='word_1_277' title='bbox 1044 4040 1263 4096; x_wconf 84' lang='lat' dir='ltr'>Cernen</span> <span class='ocrx_word' id='word_1_278' title='bbox 1307 4038 1690 4111; x_wconf 79' lang='lat' dir='ltr'>quaesiverint</span> <span class='ocrx_word' id='word_1_279' title='bbox 1731 4040 1792 4095; x_wconf 89' lang='lat' dir='ltr'>in</span> <span class='ocrx_word' id='word_1_280' title='bbox 1837 4038 2113 4096; x_wconf 86' lang='lat' dir='ltr'>hodierna</span> <span class='ocrx_word' id='word_1_281' title='bbox 2151 4042 2384 4097; x_wconf 64' lang='lat' dir='ltr'>Madere</span> <span class='ocrx_word' id='word_1_282' title='bbox 2420 4041 2515 4097; x_wconf 85' lang='lat' dir='ltr'>vel</span> <span class='ocrx_word' id='word_1_283' title='bbox 2549 4043 2864 4113; x_wconf 73' lang='lat' dir='ltr'>Aleyra‘nza</span> 
     </span>
     <span class='ocr_line' id='line_1_36' title="bbox 357 4126 1189 4201; baseline 0.006 -19"><span class='ocrx_word' id='word_1_284' title='bbox 357 4126 448 4182; x_wconf 88' lang='lat' dir='ltr'>vel</span> <span class='ocrx_word' id='word_1_285' title='bbox 485 4127 657 4182; x_wconf 83' lang='lat' dir='ltr'>etiam</span> <span class='ocrx_word' id='word_1_286' title='bbox 692 4127 755 4182; x_wconf 91' lang='lat' dir='ltr'>in</span> <span class='ocrx_word' id='word_1_287' title='bbox 793 4131 1189 4201; x_wconf 76' lang='lat' dir='ltr'>Madayascar.</span> 
     </span>
    </p>

    <p class='ocr_par' dir='ltr' id='par_1_10' title="bbox 353 4217 2862 4378">
     <span class='ocr_line' id='line_1_37' title="bbox 536 4217 2862 4290; baseline 0.001 -20"><span class='ocrx_word' id='word_1_288' title='bbox 536 4219 591 4285; x_wconf 81' lang='lat'>2)</span> <span class='ocrx_word' id='word_1_289' title='bbox 630 4217 888 4274; x_wconf 82' lang='lat' dir='ltr'>Gosselin</span> <span class='ocrx_word' id='word_1_290' title='bbox 932 4220 969 4274; x_wconf 92' lang='lat' dir='ltr'>l.</span> <span class='ocrx_word' id='word_1_291' title='bbox 1008 4219 1047 4273; x_wconf 93' lang='lat' dir='ltr'>l.</span> <span class='ocrx_word' id='word_1_292' title='bbox 1082 4219 1108 4273; x_wconf 90' lang='lat'>1</span> <span class='ocrx_word' id='word_1_293' title='bbox 1153 4237 1208 4289; x_wconf 90' lang='lat' dir='ltr'>p.</span> <span class='ocrx_word' id='word_1_294' title='bbox 1238 4226 1324 4279; x_wconf 82' lang='lat'>87.</span> <span class='ocrx_word' id='word_1_295' title='bbox 1397 4219 1466 4278; x_wconf 83' lang='lat' dir='ltr'>of.</span> <span class='ocrx_word' id='word_1_296' title='bbox 1505 4219 1988 4277; x_wconf 71' lang='lat' dir='ltr'>Humboldtkrit.</span> <span class='ocrx_word' id='word_1_297' title='bbox 2037 4218 2248 4275; x_wconf 74' lang='lat' dir='ltr'>Unters.</span> <span class='ocrx_word' id='word_1_298' title='bbox 2294 4220 2346 4273; x_wconf 91' lang='lat' dir='ltr'>II</span> <span class='ocrx_word' id='word_1_299' title='bbox 2389 4238 2442 4290; x_wconf 89' lang='lat' dir='ltr'>p.</span> <span class='ocrx_word' id='word_1_300' title='bbox 2475 4225 2570 4289; x_wconf 83' lang='lat'>95,</span> <span class='ocrx_word' id='word_1_301' title='bbox 2617 4219 2862 4275; x_wconf 88' lang='lat' dir='ltr'>Lelewel</span> 
     </span>
     <span class='ocr_line' id='line_1_38' title="bbox 353 4304 1155 4378; baseline 0.007 -21"><span class='ocrx_word' id='word_1_302' title='bbox 353 4322 409 4374; x_wconf 89' lang='lat' dir='ltr'>p.</span> <span class='ocrx_word' id='word_1_303' title='bbox 440 4308 507 4358; x_wconf 89' lang='lat'>81</span> <span class='ocrx_word' id='word_1_304' title='bbox 530 4321 630 4374; x_wconf 64' lang='lat' dir='ltr'>sq„</span> <span class='ocrx_word' id='word_1_305' title='bbox 668 4304 852 4362; x_wconf 85' lang='lat' dir='ltr'>Ritter</span> <span class='ocrx_word' id='word_1_306' title='bbox 887 4307 913 4361; x_wconf 96' lang='lat' dir='ltr'>I</span> <span class='ocrx_word' id='word_1_307' title='bbox 948 4326 1004 4378; x_wconf 86' lang='lat' dir='ltr'>p.</span> <span class='ocrx_word' id='word_1_308' title='bbox 1034 4312 1155 4364; x_wconf 81' lang='grc'><strong><em>887.</em></strong></span> 
     </span>
    </p>

    <p class='ocr_par' dir='ltr' id='par_1_11' title="bbox 356 4393 2862 4648">
     <span class='ocr_line' id='line_1_39' title="bbox 533 4393 2862 4469; baseline 0.003 -21"><span class='ocrx_word' id='word_1_309' title='bbox 533 4395 590 4463; x_wconf 86' lang='grc'>3)</span> <span class='ocrx_word' id='word_1_310' title='bbox 633 4393 807 4450; x_wconf 84' lang='lat' dir='ltr'>Recte</span> <span class='ocrx_word' id='word_1_311' title='bbox 856 4397 939 4451; x_wconf 89' lang='lat' dir='ltr'>ait</span> <span class='ocrx_word' id='word_1_312' title='bbox 981 4396 1103 4452; x_wconf 87' lang='lat' dir='ltr'>Mer</span> <span class='ocrx_word' id='word_1_313' title='bbox 1147 4417 1200 4467; x_wconf 90' lang='lat' dir='ltr'>p.</span> <span class='ocrx_word' id='word_1_314' title='bbox 1244 4402 1370 4454; x_wconf 81' lang='lat'>112:</span> <span class='ocrx_word' id='word_1_315' title='bbox 1420 4398 1483 4454; x_wconf 80' lang='lat' dir='ltr'>‘il</span> <span class='ocrx_word' id='word_1_316' title='bbox 1531 4397 1674 4455; x_wconf 75' lang='lat' dir='ltr'>etait</span> <span class='ocrx_word' id='word_1_317' title='bbox 1719 4401 1850 4455; x_wconf 89' lang='lat' dir='ltr'>cent</span> <span class='ocrx_word' id='word_1_318' title='bbox 1894 4399 2001 4454; x_wconf 84' lang='lat' dir='ltr'>fois</span> <span class='ocrx_word' id='word_1_319' title='bbox 2046 4398 2174 4469; x_wconf 84' lang='lat' dir='ltr'>plus</span> <span class='ocrx_word' id='word_1_320' title='bbox 2222 4399 2452 4455; x_wconf 85' lang='lat' dir='ltr'>difficile</span> <span class='ocrx_word' id='word_1_321' title='bbox 2499 4400 2569 4455; x_wconf 89' lang='lat' dir='ltr'>de</span> <span class='ocrx_word' id='word_1_322' title='bbox 2614 4398 2756 4457; x_wconf 87' lang='lat' dir='ltr'>faire</span> <span class='ocrx_word' id='word_1_323' title='bbox 2803 4398 2862 4455; x_wconf 84' lang='lat' dir='ltr'>la</span> 
     </span>
     <span class='ocr_line' id='line_1_40' title="bbox 356 4482 2858 4558; baseline 0.002 -20"><span class='ocrx_word' id='word_1_324' title='bbox 356 4483 641 4539; x_wconf 74' lang='lat' dir='ltr'>traversee</span> <span class='ocrx_word' id='word_1_325' title='bbox 679 4483 749 4539; x_wconf 89' lang='lat' dir='ltr'>de</span> <span class='ocrx_word' id='word_1_326' title='bbox 779 4482 1061 4554; x_wconf 80' lang='lat' dir='ltr'>Carthago</span> <span class='ocrx_word' id='word_1_327' title='bbox 1099 4502 1208 4540; x_wconf 85' lang='lat' dir='ltr'>aux</span> <span class='ocrx_word' id='word_1_328' title='bbox 1236 4483 1526 4557; x_wconf 84' lang='lat' dir='ltr'>Colonnes‚</span> <span class='ocrx_word' id='word_1_329' title='bbox 1564 4489 1849 4543; x_wconf 76' lang='lat' dir='ltr'>traversee</span> <span class='ocrx_word' id='word_1_330' title='bbox 1879 4487 1947 4542; x_wconf 86' lang='lat' dir='ltr'>de</span> <span class='ocrx_word' id='word_1_331' title='bbox 1978 4488 2124 4543; x_wconf 83' lang='lat' dir='ltr'>deux</span> <span class='ocrx_word' id='word_1_332' title='bbox 2159 4490 2292 4543; x_wconf 81' lang='lat' dir='ltr'>cent</span> <span class='ocrx_word' id='word_1_333' title='bbox 2327 4488 2627 4557; x_wconf 86' lang='lat' dir='ltr'>cinquante</span> <span class='ocrx_word' id='word_1_334' title='bbox 2662 4487 2858 4558; x_wconf 73' lang='lat' dir='ltr'>lieueS,</span> 
     </span>
     <span class='ocr_line' id='line_1_41' title="bbox 357 4572 2739 4648; baseline 0.003 -22"><span class='ocrx_word' id='word_1_335' title='bbox 357 4587 464 4640; x_wconf 90' lang='lat' dir='ltr'>que</span> <span class='ocrx_word' id='word_1_336' title='bbox 503 4572 574 4627; x_wconf 91' lang='lat' dir='ltr'>de</span> <span class='ocrx_word' id='word_1_337' title='bbox 612 4574 899 4643; x_wconf 86' lang='lat' dir='ltr'>pareourir</span> <span class='ocrx_word' id='word_1_338' title='bbox 935 4573 1018 4629; x_wconf 82' lang='lat' dir='ltr'>les</span> <span class='ocrx_word' id='word_1_339' title='bbox 1056 4575 1480 4643; x_wconf 85' lang='lat' dir='ltr'>quarante-huit</span> <span class='ocrx_word' id='word_1_340' title='bbox 1514 4576 1689 4631; x_wconf 78' lang='lat' dir='ltr'>lieues</span> <span class='ocrx_word' id='word_1_341' title='bbox 1727 4575 1828 4645; x_wconf 90' lang='lat' dir='ltr'>qui</span> <span class='ocrx_word' id='word_1_342' title='bbox 1864 4579 2129 4648; x_wconf 75' lang='lat' dir='ltr'>separent</span> <span class='ocrx_word' id='word_1_343' title='bbox 2163 4576 2337 4632; x_wconf 73' lang='lat' dir='ltr'>Fedal</span> <span class='ocrx_word' id='word_1_344' title='bbox 2376 4574 2460 4632; x_wconf 70' lang='lat' dir='ltr'>du&#39;</span> <span class='ocrx_word' id='word_1_345' title='bbox 2489 4576 2739 4634; x_wconf 79' lang='lat' dir='ltr'>detroit.&#39;</span> 
     </span>
    </p>
   </div>
   <div class='ocr_carea' id='block_1_6' title="bbox 532 4662 1466 4733">
    <p class='ocr_par' dir='ltr' id='par_1_12' title="bbox 532 4662 1466 4733">
     <span class='ocr_line' id='line_1_42' title="bbox 532 4662 1466 4733; baseline 0.002 -17"><span class='ocrx_word' id='word_1_346' title='bbox 532 4664 588 4733; x_wconf 85' lang='lat'>4)</span> <span class='ocrx_word' id='word_1_347' title='bbox 628 4662 696 4718; x_wconf 85' lang='lat' dir='ltr'>cf.</span> <span class='ocrx_word' id='word_1_348' title='bbox 734 4662 931 4720; x_wconf 82' lang='lat' dir='ltr'>Lehrb.</span> <span class='ocrx_word' id='word_1_349' title='bbox 971 4664 1025 4718; x_wconf 78' lang='lat' dir='ltr'>d.</span> <span class='ocrx_word' id='word_1_350' title='bbox 1062 4680 1113 4720; x_wconf 83' lang='lat' dir='ltr'>a.</span> <span class='ocrx_word' id='word_1_351' title='bbox 1155 4663 1220 4719; x_wconf 73' lang='lat' dir='ltr'>G.</span> <span class='ocrx_word' id='word_1_352' title='bbox 1258 4680 1312 4733; x_wconf 91' lang='lat' dir='ltr'>p.</span> <span class='ocrx_word' id='word_1_353' title='bbox 1344 4670 1466 4718; x_wconf 80' lang='lat'>221.</span> 
     </span>
    </p>
   </div>
  </div>
 </body>
</html>
