3467 5334
576 399 659 464 74
1708 403 1893 474 Caput
1927 403 1970 459 Ι.

572 567 853 652 ascripto
883 567 1280 653 conspicitur
1307 568 1375 633 in
1404 568 1648 632 tabulis
1677 567 1809 632 illis
1837 566 2163 631 Medicaea
2191 571 2256 630 et
2296 566 2684 652 Catalonica,
2722 590 2884 651 quae
2918 568 3084 634 1351

572 677 637 738 et
689 677 812 740 137
819 677 861 740 5
912 675 1208 759 prodiere
1222 673 1318 762 1)‘?
1399 674 1627 760 Itaque
1675 674 1979 759 quoniam
2025 675 2186 739 haec
2231 674 2449 738 omnia
2495 675 2659 739 bene
2706 679 3091 761 congruunt,

570 770 702 846 non
729 782 1002 847 nimium
1040 783 1270 848 audere
1308 783 1592 868 videbor,
1631 805 1775 847 cum
1803 786 2051 847 veteres
2090 782 2219 846 iam
2247 783 2491 848 Azoras
2524 781 2780 847 novisse
2818 784 3087 847 affirmo

571 888 758 954 Unde
830 913 962 955 non
1034 890 1163 954 iam
1235 890 1632 976 mirandum,
1708 889 1881 974 quod
1943 888 2302 954 Phoenices
2373 912 2629 974 quoque
2704 913 2810 954 eas
2875 889 3087 955 adiere

571 1001 959 1063 mercatores
969 1050 986 1083 ,
1045 997 1227 1063 0111118
1282 998 1375 1063 rei
1431 997 1789 1063 certissima
1845 997 2228 1062 documenta
2283 999 2507 1061 extant
2560 998 2807 1062 nummi
2865 1020 3088 1062 eorum

568 1103 807 1170 litteris
872 1105 1138 1192 signati,
1204 1104 1315 1190 qui
1380 1105 1449 1169 in
1507 1105 1736 1171 Azorz's
1800 1126 1934 1169 11011
1993 1102 2184 1188 pauci
2239 1102 2735 1170 inveniebantur
2746 1103 2815 1192 2).
2913 1104 3086 1170 Νο10

570 1211 743 1275 0111111
788 1212 1217 1278 Humboldtio
1269 1211 1679 1297 adstipulari,
1735 1211 1850 1296 qui
1896 1233 2007 1276 eos
2050 1210 2262 1275 media
2308 1211 2563 1275 demum
2612 1234 2775 1296 quae
2820 1215 3090 1276 vocatur

570 1322 781 1383 aetate
856 1342 931 1384 eo
1005 1319 1087 1383 ab
1152 1318 1487 1384 Arabibus
1551 1318 1785 1383 allatos
1852 1340 1990 1383 esse
2054 1317 2341 1383 credidit.
2451 1317 2576 1383 Sed
2647 1318 3087 1403 relinquamus

568 1427 829 1491 tandem
892 1429 1136 1493 Azoras
1201 1427 1446 1491 insulas
1512 1431 1577 1491 et
1640 1426 1837 1491 Plinii
1902 1426 2118 1491 locum
2181 1448 2378 1509 porro
2445 1426 2863 1510 expediamus
2880 1478 2898 1512 ,
2971 1427 3087 1491 ubi

568 1532 661 1597 ita
743 1534 1073 1620 pergitur:
1155 1535 1237 1599 ab
1321 1534 1402 1599 iis
1465 1533 1640 1625 (scil.
1716 1533 2036 1598 Pluvialia
2111 1532 2544 1617 Caprariaque
2617 1532 2858 1621 insula)
2933 1534 3087 1600 CCL

567 1638 684 1725 (==
732 1643 909 1707 2000
955 1639 1190 1728 stadia)
1245 1642 1636 1707 Fortunatas
1691 1635 1926 1731 *contra
1989 1640 2236 1704 laevam
2299 1640 2739 1706 Mauretaniae
2805 1641 2874 1706 in
2931 1641 3087 1707 VIII

566 1746 794 1811 horam
846 1749 999 1814 solis
1062 1749 1278 1814 vocari
1331 1748 1642 1814 Invallem
1689 1772 1727 1812 a
1785 1747 2190 1813 convexitate
2238 1750 2303 1812 et
2348 1748 2714 1814 Planasiam
2760 1773 2797 1813 a
2844 1750 3085 1835 specie3

564 1854 877 1920 Invallem
950 1856 1222 1922 circuitu
1298 1856 1448 1922 CCC
1515 1880 1604 1942 p.;
1688 1857 1995 1921 arborum
2067 1853 2159 1919 ibi
2233 1856 2693 1940 proceritatem
2766 1858 2846 1921 ad
2921 1857 3085 1922 CXL

564 1962 761 2046 pe'des
807 1963 1184 2029 adolescere.
1274 1963 1504 2049 Neque
1558 1964 1908 2029 verendum
1964 1966 2090 2048 est,
2152 1985 2234 2028 ne
2290 1963 2701 2029 artificiosius
2754 1964 3087 2030 videamur

565 2092 758 2154 quam
805 2070 1061 2137 criticae
1109 2071 1233 2136 arti
1281 2072 1767 2138 convenientius
1813 2094 2032 2158 agere,
2079 2094 2224 2137 cum
2269 2071 2429 2135 haec
2464 2071 2663 2135 Plinii
2708 2072 2909 2136 verba
2954 2071 3083 2136 foe-

565 2176 828 2242 dissimo
886 2179 1166 2245 auctoris
1222 2202 1437 2245 errore
1483 2179 1822 2264 inquinata
1868 2202 2007 2244 esse
2056 2178 2425 2264 opinamur3
2479 2200 2630 2242 nam
2677 2178 2867 2243 sicuti
2912 2201 3083 2243 nunc

565 2283 877 2370 leguntur
931 2309 1151 2352 sanam
1200 2286 1461 2352 omnino
1508 2309 1640 2352 non
1695 2286 2049 2351 admittunt
2095 2284 2716 2369 interpretationem.
2810 2286 3080 2351 Causam

563 2393 816 2457 errandi
889 2394 1239 2479 perspicio:
1304 2394 1657 2459 tradiderat
1712 2393 1996 2460 Sebosus
2068 2393 2217 2458 inde
2283 2415 2321 2457 a
2376 2392 2661 2458 Gadibus
2735 2415 2939 2479 usque
3002 2393 3083 2458 ad

561 2497 900 2565 Iunoniam
955 2500 1234 2565 insulam
1277 2499 1497 2566 DCCL
1544 2525 1626 2566 m.
1673 2525 1738 2585 p.
1796 2524 1960 2587 esse,
2016 2500 2169 2565 hinc
2224 2499 2306 2563 ad
2359 2523 2654 2565 occasum
2699 2501 3079 2566 tantundem

563 2606 643 2670 ad
674 2606 1060 2673 Pluvialiam
1100 2607 1617 2695 Caprariamque,
1656 2612 1881 2674 contra
1918 2611 2135 2673 ortum
2172 2629 2399 2672 versus
2436 2608 2519 2672 ab
2560 2609 2781 2673 eadem
2807 2608 3082 2674 Iunonia

563 2712 717 2778 CCL
782 2715 863 2779 ad
922 2715 1313 2781 Fortunatas
1377 2714 1621 2781 insulas
1685 2715 2125 2781 Mauretaniae
2193 2714 2546 2799 oppositas.
2657 2717 2828 2794 Quas
2891 2720 3080 2781 notas

560 2820 836 2908 Plinius,
894 2845 1020 2908 qua
1074 2827 1211 2888 erat
1265 2823 1667 2909 festinantia,
1723 2824 1793 2888 in
1848 2823 2036 2907 peius
2081 2821 2174 2886 ita
2219 2821 2522 2908 mutavit,
2569 2826 2644 2888 ut
2687 2822 3079 2888 Fortunatas

560 2949 599 2989 a
659 2930 1281 3012 septentrionalibus
1329 2930 1460 2995 illis
1490 2916 1665 2997 'CCL
1724 2931 1962 2996 distare
2019 2930 2350 3015 proderet,
2405 2951 2534 3013 quo
2590 2929 2931 2994 absurdius
2984 2929 3079 2994 nil

559 3038 776 3118 potest
814 3036 1104 3123 cogitari.
1189 3036 1373 3115 Quod
1410 3038 1465 3101 si
1512 3038 1755 3122 probas
1803 3037 2020 3103 omnia
2066 3036 2307 3122 optime
2343 3037 2581 3101 fluunt:
2628 3037 3081 3123 significantur

560 3140 786 3207 Sebosi
841 3144 1158 3210 mensuris
1214 3143 1560 3211 orientales
1614 3146 2046 3212 Canariarum
2100 3144 2374 3228 insulae,
2432 3166 2594 3228 quae
2649 3166 2873 3229 reapse
2922 3143 3078 3209 CCL

560 3248 788 3315 stadiis
833 3273 871 3315 a
910 3252 1209 3317 Madeira
1254 3251 1662 3317 dirimuntur.
1744 3252 1851 3318 Ad
1896 3254 2015 3317 has
2063 3251 2235 3316 enim
2281 3250 2656 3317 deducimur
2701 3275 2777 3316 ea
2822 3274 3078 3336 quoque

558 3379 645 3439 re,
685 3359 857 3440 quod
894 3360 1098 3424 altera
1136 3358 1363 3425 Sebosi
1403 3359 1614 3424 insula
1651 3361 1832 3425 audit
1869 3359 2185 3444 Planasia,
2223 3381 2261 3423 a
2297 3358 2532 3443 specie,
2569 3363 2642 3424 ut
2679 3358 2774 3424 ait
2810 3359 3080 3445 Plinius,

559 3465 1028 3549 cognominata.
1106 3465 1227 3544 Qui
1291 3466 1447 3550 quid
1493 3467 1772 3532 voluerit
1836 3466 2219 3552 exprimere,
2285 3466 2636 3531 ostendunt
2701 3490 2777 3531 ea
2841 3467 3080 3551 quibus

560 3571 1009 3657 cognominem
1084 3573 1377 3661 depingit
1446 3574 1725 3640 insulam
1792 3598 1872 3640 ex
1936 3575 2202 3639 adverso
2269 3571 2563 3640 Corsicae
2628 3575 2822 3639 sitam
2883 3574 3081 3653 verba

557 3676 683 3764 (III
741 3678 883 3767 80):
957 3685 1055 3746 est
1120 3681 1291 3746 enim
1355 3681 1469 3746 illa
1534 3680 1853 3766 ‘aequalis
1917 3682 2084 3748 freto
2150 3681 2421 3766 ideoque
2483 3681 2764 3768 navigiis
2825 3680 3024 3746 fallax
3039 3682 3075 3747 '.

557 3784 705 3850 Mea
766 3786 970 3873 igitur
1034 3789 1356 3854 sententia
1416 3788 1850 3855 necessarium
1906 3793 2033 3876 est,
2095 3789 2462 3855 Planasiam
2513 3788 2812 3854 orientali
2873 3788 3072 3855 Gana-

555 3895 803 3957 riarum
857 3895 1031 3978 parti
1086 3896 1473 3981 tribuamus,
1531 3919 1724 3980 quam
1780 3897 1984 3962 solam
2039 3896 2469 3962 humillimam
2519 3919 2659 3962 esse
2704 3897 3074 3982 Leopoldus

558 3998 635 4063 de
690 3998 874 4065 Buch
886 3998 940 4087 ³)
995 4005 1300 4069 testatur:
1358 4003 1503 4069 ‘Die
1557 4003 1776 4069 Inseln
1831 4003 1995 4091 (scil.
2044 4005 2526 4070 Fuerteventura
2581 4009 2647 4069 et
2693 4004 3073 4093 Lanzarote)

737 4306 789 4370 1)
830 4302 901 4359 cf.
938 4303 1192 4373 Peschel‚
1234 4306 1497 4360 Zeitalter
1532 4306 1585 4361 d.
1626 4305 1801 4359 Entd.
1840 4322 1895 4374 p.
1925 4311 1995 4360 40
2033 4305 2160 4361 adn.
2203 4311 2251 4360 1.
2325 4306 2484 4376 Ruge
2522 4326 2578 4377 p.
2609 4313 2697 4363 24.

735 4393 791 4461 2)
830 4391 900 4449 cf.
947 4393 1287 4463 Humboldt‚
1334 4395 1462 4449 krit.
1522 4395 1734 4450 UnterS.
1783 4395 1809 4447 I
1853 4412 1907 4464 p.
1948 4400 2072 4449 455.
2155 4395 2549 4464 Muellenhoff‚
2594 4398 2845 4454 deutsche
2889 4398 3068 4454 Alter-

554 4481 782 4537 thumsk.
821 4484 847 4537 I
884 4500 939 4552 p.
970 4487 1040 4538 90
1076 4483 1228 4553 (adn.
1270 4483 1341 4536 ad
1380 4500 1433 4552 p.
1466 4484 1573 4553 64).

721 4574 775 4637 8)
825 4571 1051 4641 physik.
1090 4570 1500 4641 Beschreibwny
1537 4572 1631 4626 der
1666 4571 2034 4628 kanarischen
2072 4574 2269 4631 Inseln
2303 4590 2359 4643 p.
2398 4577 2520 4629 300.
2595 4573 2667 4630 cf.
2705 4575 2909 4631 Reclus
2950 4576 3064 4630 XII.

553 4677 608 4730 p.
645 4664 763 4715 108.
805 4663 921 4713 111.
