3467 5334
600 401 688 465 50
1732 398 1915 467 Caput
1950 399 1991 453 I.

598 563 914 648 pediendo
989 562 1523 648 proficiscendum
1597 583 1733 626 esse
1814 562 1897 625 ab
1975 582 2049 626 eo
2133 559 2613 645 promunturi0‚
2698 558 2871 644 quod
2940 579 3113 622 nunc

598 671 779 735 audit
827 671 959 753 Cap
1006 670 1241 735 Mirilo:
1297 669 1464 733 unde
1513 668 1568 731 si
1626 667 1911 752 quinque
1960 667 2095 732 dies
2156 690 2333 731 oram
2389 667 2717 731 sinuosam
2764 663 3112 749 sequimur,

598 778 775 843 2500
823 777 1050 842 stadiis
1098 775 1373 841 emensis
1419 796 1647 859 reapse
1695 773 2105 858 pervenimus
2152 774 2233 837 ad
2277 773 2661 837 hodiernum
2698 771 2831 854 Cap
2889 773 3112 837 Verde:

598 887 672 946 ut
726 884 991 970 longam
1046 882 1563 968 disquisitionem
1619 880 1802 946 brevi
1868 879 2259 965 praecidam,
2322 880 2536 944 tribus
2590 879 2808 944 verbis
2862 900 3113 962 11101160,

598 990 876 1055 Μ61111111
923 988 1015 1078 (p.
1061 988 1218 1077 145)
1273 989 1367 1053 ita
1410 989 1618 1072 loqui:
1684 987 1788 1053 ‘Si
1846 988 1974 1052 l’ile
2031 987 2345 1074 d'Arguin
2399 987 2573 1051 avait
2627 988 2729 1051 ete
2780 985 3008 1068 Cerne,
3064 984 3112 1048 il

596 1098 822 1162 n'etait
870 1120 987 1181 pas
1032 1096 1389 1161 necessaire
1447 1096 1522 1159 de
1571 1096 1770 1160 douze
1818 1096 2121 1179 ι1011111668
2178 1095 2254 1159 de
2308 1093 2686 1181 navigation
2740 1114 2908 1176 pour
2951 1090 3112 1155 faire

597 1204 691 1268 les
744 1206 870 1269 130
915 1204 1118 1268 lieues
1166 1204 1278 1288 qui
1335 1205 1638 1287 separent
1686 1207 1855 1267 cette
1911 1203 1997 1266 ile
2054 1203 2140 1265 du
2196 1224 2312 1286 cap
2359 1200 2550 1267 Vert:
2606 1201 2654 1264 il
2711 1199 2986 1264 suffisait
3035 1199 3111 1261 de

600 1313 749 1395 cinq
798 1333 880 1375 ou
928 1311 1029 1375 six
1069 1314 1253 1395 jours
1300 1333 1382 1375 au
1427 1310 1619 1395 plus.'
1704 1310 1912 1388 Quam
1948 1309 2268 1374 rationem
2313 1308 2667 1393 plurimum
2714 1306 3111 1371 commenda-

598 1419 796 1483 tionis
844 1419 1085 1483 habere
1122 1419 1457 1483 fatendum
1495 1422 1611 1502 est,
1658 1422 1841 1502 puto,
1889 1422 1955 1482 et
2001 1440 2143 1482 eam
2189 1416 2532 1481 tenendam
2581 1437 2719 1480 esse
2768 1414 2912 1478 aliis
2958 1435 3110 1497 quo·

601 1549 724 1610 que
773 1526 1091 1590 evincitur
1135 1524 1535 1611 argumentis
1580 1546 1713 1588 non
1759 1523 2049 1588 infirmis,

772 1669 894 1734 Est
950 1669 1122 1734 enim
1176 1668 1419 1752 hercle,
1484 1667 1553 1731 in
1609 1689 1735 1751 quo
1796 1666 2011 1731 omnia
2075 1665 2406 1731 itineraria
2461 1688 2498 1729 a
2543 1665 2680 1730 XV.
2729 1663 2984 1730 saeculo
3032 1662 3111 1726 ad

596 1777 770 1842 hunc
825 1799 1028 1860 usque
1077 1798 1316 1840 annum
1364 1774 1731 1858 conscripta
1779 1770 2283 1859 consentiunt1),
2340 1772 2864 1856 promunturium
2924 1771 3114 1836 Verde

597 1883 875 1947 maxime
924 1883 1346 1967 conspicuum
1395 1882 1811 1966 omniumque
1865 1886 2211 1945 nautarum
2262 1880 2332 1944 in
2386 1903 2453 1944 se
2501 1878 2819 1943 convertit
2867 1877 3112 1942 oculos:

597 1990 668 2054 ‘il
715 1995 814 2056 est
859 1991 1047 2055 facile
1095 1995 1132 2055 a
1178 1993 1581 2055 reconnaitre
1638 2011 1765 2052 aux
1813 1990 1981 2053 deux
2028 1988 2383 2052 mamelons
2432 1986 2543 2071 qui
2596 1987 2658 2050 le
2707 1986 3112 2049 surmontent

597 2102 662 2161 et
709 2120 820 2162 sur
865 2099 1148 2182 lesquels
1196 2099 1432 2163 durant
1474 2096 1869 2183 l'hivernage
1918 2119 2106 2180 passe
2154 2118 2278 2159 une
2326 2093 2701 2180 vegetation
2745 2091 3111 2177 rabougrie,

597 2209 1002 2269 contrastant
1047 2229 1220 2270 assez
1265 2208 1628 2269 nettement
1674 2227 1827 2268 avec
1861 2204 1926 2267 la
1964 2208 2109 2268 cote
2158 2203 2346 2286 qu'on
2394 2224 2431 2264 a
2478 2222 2833 2284 parcourue
2881 2197 3110 2281 depuis

598 2310 688 2376 St.
727 2311 925 2376 Louis
973 2316 1038 2376 et
1084 2311 1376 2376 au-dela'
1425 2311 1535 2400 (cf.
1573 2310 1720 2378 Mer
1766 2335 1828 2395 p.
1872 2307 2046 2396 145).
2129 2309 2228 2373 De
2265 2308 2575 2392 FennerO,
2623 2306 2877 2393 anglico
2931 2304 3110 2369 trier-

596 2418 788 2482 archo
849 2417 959 2501 qui
1015 2417 1540 2501 promunturium
1598 2419 1790 2484 Verde
1844 2417 2004 2481 adiit
2060 2438 2226 2479 anno
2278 2416 2475 2499 1566,
2536 2412 2908 2479 summatim
2952 2411 3112 2475 haec

505 2533 513 2540 ’
594 2525 962 2589 narrantur:
1030 2523 1335 2609 ‘quoique
1390 2525 1650 2608 n’ayant
1709 2541 1956 2589 aucune
2017 2522 2287 2587 mission
2332 2526 2370 2586 a
2415 2522 2684 2606 remplir
2737 2520 2831 2584 lui
2888 2523 2953 2583 et
3009 2542 3111 2583 ses

596 2654 1037 2718 compagnons
1100 2655 1182 2695 ne
1256 2631 1632 2695 resisterent
1696 2655 1815 2716 pas
1885 2654 1965 2695 au
2032 2630 2203 2696 desir
2263 2630 2340 2693 de
2404 2629 2544 2694 voir
2606 2629 2684 2692 de
2749 2626 2897 2711 plus
2962 2628 3112 2709 pres

594 2739 659 2802 la
725 2738 895 2801 belle
969 2738 1374 2823 perspective
1453 2738 1639 2822 qu’ils
1715 2739 1970 2804 avaient
2049 2737 2283 2803 devant
2346 2737 2440 2802 les
2505 2735 2699 2821 yeux'
2763 2731 2872 2821 (cf.
2925 2735 3113 2798 Τνὲυθ

596 2869 658 2930 p.
696 2847 785 2912 44
832 2845 973 2910 adn.
1012 2843 1102 2932 4).

775 2988 1002 3054 Adicio
1067 3010 1218 3053 vero
1284 2987 1606 3072 potiorem
1670 2987 1837 3052 hanc
1900 3009 2185 3071 661186111,
2250 3008 2329 3049 ex
2394 2984 2539 3068 ipsa
2601 3006 2817 3048 rerum
2879 2988 3110 3048 natura

597 3094 869 3179 ipsoque
917 3094 1354 3179 promunturii
1400 3094 1662 3158 nomine
1708 3094 2000 3178 petitam.
2087 3092 2365 3158 Occidua
2400 3092 2647 3176 Libyae
2691 3114 2802 3156 ora
2839 3092 2986 3155 inde
3024 3092 3107 3155 ab

596 3201 784 3266 initio
851 3224 1054 3287 usque
1119 3202 1200 3266 ad
1271 3201 1798 3286 promunturium
1874 3204 2064 3268 Verde
2126 3204 2301 3263 recta
2366 3197 2726 3284 porrigitur
2792 3197 2989 3282 linea,
3054 3197 3109 3262 si

596 3309 904 3373 maiorem
950 3309 1135 3373 illum
1182 3330 1503 3373 recessum
1519 3359 1537 3392 ,
1603 3308 1714 3393 qui
1770 3308 1937 3372 hiat·
1966 3307 2135 3371 infra
2193 3306 2323 3389 Gap
2366 3307 2631 3379 Blanoe,
2684 3304 3111 3391 neglegimus,

596 3416 767 3480 inter
824 3437 1118 3479 occasum
1174 3415 1534 3480 brumalem
1591 3420 1659 3480 et
1710 3414 2046 3479 meridiem
2102 3417 2427 3497 spectans:
2492 3412 2712 3476 subito
2769 3416 2986 3475 autem
3042 3412 3109 3475 in

597 3522 989 3587 contrarium
1034 3521 1193 3585 litus
1249 3521 1722 3606 circumflectit,
1777 3521 1872 3585 ita
1926 3525 2000 3584 ut
2057 3520 2137 3583 ad
2190 3519 2408 3603 ipsum
2454 3520 2587 3603 Gap
2647 3521 2837 3585 Verde
2891 3523 3107 3582 rectus

597 3629 709 3714 qui
754 3633 1020 3694 vocatur
1073 3629 1350 3715 angulus
1405 3628 1749 3712 efficiatur,
1814 3631 1879 3691 et
1934 3628 2015 3690 ad
2070 3627 2378 3691 amussim
2431 3625 2603 3690 inter
2655 3625 2988 3690 meridiem
3044 3631 3110 3690 et

596 3742 811 3802 ortum
858 3736 1013 3801 solis
1051 3740 1430 3820 protensum
1467 3740 1648 3800 tenet
1684 3735 1857 3799 hunc
1905 3757 2162 3799 cursum
2207 3756 2412 3819 usque
2460 3733 2541 3797 ad
2586 3733 3110 3815 promunturium

594 3845 872 3910 Palmas.
963 3843 1065 3908 Ex
1124 3848 1417 3907 veterum
1472 3843 1677 3930 igitur
1741 3842 2046 3927 opinione
2106 3842 2490 3906 hodiernum
2555 3840 2686 3922 Cap
2744 3841 2932 3906 Verde
2986 3845 3108 3905 ter-

595 3951 809 4015 minus
864 3954 963 4014 est
1028 3950 1326 4014 occiduae
1389 3973 1535 4014 orae
1589 3950 1950 4034 Libyanae,
2015 3948 2275 4012 initium
2335 3946 2787 4012 meridionalis.
2877 3948 3107 4031 Itaque

593 4058 737 4122 vide
810 4057 999 4142 mihi,
1074 4080 1266 4141 quam
1345 4057 1676 4122 commode
1752 4055 2137 4139 declaretur,
2212 4076 2340 4137 quo
2418 4053 2555 4116 iure
2623 4051 3106 4140 Carthaginien-

597 4166 763 4231 sium
809 4165 1162 4249 imperator
1217 4164 1434 4247 ipsum
1497 4163 1622 4228 hoc
1686 4161 2212 4247 promunturium
2267 4159 2591 4265 Ἑσπέρου
2648 4159 2868 4247 Κέρας
2933 4184 3099 4225 60111-

593 4273 951 4358 pellaverit.

777 4559 828 4622 1)
866 4555 937 4609 cf.
975 4553 1099 4610 Alv.
1140 4554 1215 4607 da
1242 4555 1426 4608 Mosto
1463 4554 1694 4608 XXXIV
1734 4571 1825 4623 ap.
1862 4553 2020 4608 Ram.
2059 4571 2113 4622 p.
2149 4559 2264 4606 190.
2309 4558 2427 4608 194.
2500 4553 2677 4606 Treve
2715 4571 2769 4620 p.
2801 4559 2869 4607 44
2909 4556 3035 4609 adn.
3055 4559 3102 4609 4.

594 4643 799 4698 Vivien
850 4642 920 4696 de
969 4643 1048 4698 St.
1077 4641 1285 4696 Martin
1322 4661 1375 4711 p.
1408 4649 1529 4697 387.
1604 4642 1791 4697 Elisee
1838 4642 2042 4697 Reclus
2081 4641 2185 4695 XII
2221 4659 2273 4710 p.
2310 4647 2410 4695 175
2431 4659 2548 4710 sqq.
