<?xml version="1.0" encoding="UTF-8"?>
<!DOCTYPE html PUBLIC "-//W3C//DTD XHTML 1.0 Transitional//EN"
    "http://www.w3.org/TR/xhtml1/DTD/xhtml1-transitional.dtd">
<html xmlns="http://www.w3.org/1999/xhtml" xml:lang="en" lang="en">
 <head>
  <title>
</title>
<meta http-equiv="Content-Type" content="text/html;charset=utf-8" />
  <meta name='ocr-system' content='tesseract 3.04.00' />
  <meta name='ocr-capabilities' content='ocr_page ocr_carea ocr_par ocr_line ocrx_word'/>
</head>
<body>
  <div class='ocr_page' id='page_1' title='image "./dehannoniscarth00fiscgoog_0062.png"; bbox 0 0 3467 5334; ppageno 0'>
   <div class='ocr_carea' id='block_1_1' title="bbox 2826 546 2833 709">
    <p class='ocr_par' dir='ltr' id='par_1_1' title="bbox 2826 546 2833 709">
     <span class='ocr_line' id='line_1_1' title="bbox 2826 546 2833 709; baseline 0 4625"><span class='ocrx_word' id='word_1_1' title='bbox 2826 546 2833 709; x_wconf 95' lang='lat' dir='ltr'> </span> 
     </span>
    </p>
   </div>
   <div class='ocr_carea' id='block_1_2' title="bbox 655 808 2544 1057">
    <p class='ocr_par' dir='ltr' id='par_1_2' title="bbox 655 808 2544 1057">
     <span class='ocr_line' id='line_1_2' title="bbox 655 808 2544 879; baseline -0.003 -15"><span class='ocrx_word' id='word_1_2' title='bbox 655 811 800 865; x_wconf 92' lang='lat' dir='ltr'>Hinc</span> <span class='ocrx_word' id='word_1_3' title='bbox 838 809 913 863; x_wconf 86' lang='lat' dir='ltr'>ad</span> <span class='ocrx_word' id='word_1_4' title='bbox 950 811 1215 879; x_wconf 87' lang='lat' dir='ltr'>stagnum</span> <span class='ocrx_word' id='word_1_5' title='bbox 1253 808 1546 862; x_wconf 88' lang='lat' dir='ltr'>iuncosum</span> <span class='ocrx_word' id='word_1_6' title='bbox 1865 848 2208 874; x_wconf 87' lang='grc'><strong>......</strong></span> <span class='ocrx_word' id='word_1_7' title='bbox 2371 808 2432 878; x_wconf 61' lang='grc' dir='ltr'>ΙΙ,</span> <span class='ocrx_word' id='word_1_8' title='bbox 2541 824 2544 859; x_wconf 86' lang='lat'><strong>:</strong></span> 
     </span>
     <span class='ocr_line' id='line_1_3' title="bbox 656 895 2416 965; baseline -0.001 -13"><span class='ocrx_word' id='word_1_9' title='bbox 656 899 793 953; x_wconf 90' lang='lat' dir='ltr'>Inde</span> <span class='ocrx_word' id='word_1_10' title='bbox 831 899 905 953; x_wconf 85' lang='lat' dir='ltr'>ad</span> <span class='ocrx_word' id='word_1_11' title='bbox 943 898 1199 953; x_wconf 86' lang='lat' dir='ltr'>Caricum</span> <span class='ocrx_word' id='word_1_12' title='bbox 1236 895 1477 951; x_wconf 79' lang='lat' dir='ltr'><strong>Teichos</strong></span> <span class='ocrx_word' id='word_1_13' title='bbox 1516 911 1695 965; x_wconf 89' lang='lat' dir='ltr'>usque</span> <span class='ocrx_word' id='word_1_14' title='bbox 1868 939 2209 965; x_wconf 86' lang='lat'>......</span> <span class='ocrx_word' id='word_1_15' title='bbox 2388 902 2416 950; x_wconf 86' lang='lat'>1</span> 
     </span>
     <span class='ocr_line' id='line_1_4' title="bbox 656 984 2178 1057; baseline -0.003 -14"><span class='ocrx_word' id='word_1_16' title='bbox 656 987 802 1043; x_wconf 89' lang='lat' dir='ltr'>Hinc</span> <span class='ocrx_word' id='word_1_17' title='bbox 845 1003 946 1057; x_wconf 88' lang='lat' dir='ltr'>per</span> <span class='ocrx_word' id='word_1_18' title='bbox 993 987 1224 1056; x_wconf 77' lang='lat' dir='ltr'>Gytten,</span> <span class='ocrx_word' id='word_1_19' title='bbox 1273 987 1504 1052; x_wconf 85' lang='lat' dir='ltr'>Acram‚</span> <span class='ocrx_word' id='word_1_20' title='bbox 1550 984 1845 1053; x_wconf 79' lang='lat' dir='ltr'>Melittan,</span> <span class='ocrx_word' id='word_1_21' title='bbox 1891 984 2178 1053; x_wconf 81' lang='lat' dir='ltr'>Arambyn</span> 
     </span>
    </p>
   </div>
   <div class='ocr_carea' id='block_1_3' title="bbox 2829 738 2836 1003">
    <p class='ocr_par' dir='ltr' id='par_1_3' title="bbox 2829 738 2836 1003">
     <span class='ocr_line' id='line_1_5' title="bbox 2829 738 2836 1003; baseline 0 4331"><span class='ocrx_word' id='word_1_22' title='bbox 2829 738 2836 1003; x_wconf 95' lang='lat' dir='ltr'> </span> 
     </span>
    </p>
   </div>
   <div class='ocr_carea' id='block_1_4' title="bbox 654 668 2544 815">
    <p class='ocr_par' dir='ltr' id='par_1_4' title="bbox 654 668 2544 815">
     <span class='ocr_line' id='line_1_6' title="bbox 654 668 2544 815; baseline -0.002 -40"><span class='ocrx_word' id='word_1_23' title='bbox 654 722 791 776; x_wconf 88' lang='lat' dir='ltr'>Inde</span> <span class='ocrx_word' id='word_1_24' title='bbox 829 720 903 775; x_wconf 86' lang='lat' dir='ltr'>ad</span> <span class='ocrx_word' id='word_1_25' title='bbox 941 718 1266 774; x_wconf 85' lang='lat' dir='ltr'>Soloentem</span> <span class='ocrx_word' id='word_1_26' title='bbox 1302 717 1755 787; x_wconf 86' lang='lat' dir='ltr'>promunturium</span> <span class='ocrx_word' id='word_1_27' title='bbox 1864 760 2206 786; x_wconf 84' lang='lat'><strong>......</strong></span> <span class='ocrx_word' id='word_1_28' title='bbox 2538 668 2544 815; x_wconf 60' lang='grc' dir='ltr'>ἰ</span> 
     </span>
    </p>
   </div>
   <div class='ocr_carea' id='block_1_5' title="bbox 658 1066 2742 1414">
    <p class='ocr_par' dir='ltr' id='par_1_5' title="bbox 659 1066 2742 1237">
     <span class='ocr_line' id='line_1_7' title="bbox 800 1066 2742 1145; baseline -0.002 -13"><span class='ocrx_word' id='word_1_29' title='bbox 800 1077 873 1132; x_wconf 85' lang='lat' dir='ltr'>ad</span> <span class='ocrx_word' id='word_1_30' title='bbox 909 1076 1107 1131; x_wconf 84' lang='lat' dir='ltr'><strong>Lixum</strong></span> <span class='ocrx_word' id='word_1_31' title='bbox 1148 1074 1269 1130; x_wconf 89' lang='lat' dir='ltr'>dies</span> <span class='ocrx_word' id='word_1_32' title='bbox 1344 1118 2214 1131; x_wconf 90' lang='grc'><strong>.............</strong></span> <span class='ocrx_word' id='word_1_33' title='bbox 2374 1107 2436 1114; x_wconf 92' lang='grc'>-</span> <span class='ocrx_word' id='word_1_34' title='bbox 2545 1066 2551 1139; x_wconf 65' lang='grc' dir='ltr'><strong>ἱ</strong></span> <span class='ocrx_word' id='word_1_35' title='bbox 2640 1074 2742 1145; x_wconf 69' lang='grc'>57,</span> 
     </span>
     <span class='ocr_line' id='line_1_8' title="bbox 659 1146 2551 1237; baseline -0.003 -16"><span class='ocrx_word' id='word_1_36' title='bbox 659 1167 795 1221; x_wconf 85' lang='lat' dir='ltr'>Inde</span> <span class='ocrx_word' id='word_1_37' title='bbox 852 1164 1147 1220; x_wconf 86' lang='lat' dir='ltr'>meridiem</span> <span class='ocrx_word' id='word_1_38' title='bbox 1202 1181 1397 1220; x_wconf 86' lang='lat' dir='ltr'>versus</span> <span class='ocrx_word' id='word_1_39' title='bbox 1435 1171 1495 1232; x_wconf 91' lang='grc'>2,</span> <span class='ocrx_word' id='word_1_40' title='bbox 1551 1180 1747 1218; x_wconf 86' lang='lat' dir='ltr'>versus</span> <span class='ocrx_word' id='word_1_41' title='bbox 1804 1166 1990 1237; x_wconf 84' lang='lat' dir='ltr'>ortum</span> <span class='ocrx_word' id='word_1_42' title='bbox 2045 1162 2121 1216; x_wconf 81' lang='lat' dir='ltr'>ad</span> <span class='ocrx_word' id='word_1_43' title='bbox 2547 1146 2551 1165; x_wconf 74' lang='lat'>&#39;</span> 
     </span>
    </p>

    <p class='ocr_par' dir='ltr' id='par_1_6' title="bbox 658 1253 2730 1414">
     <span class='ocr_line' id='line_1_9' title="bbox 803 1253 2711 1311; baseline -0.002 0"><span class='ocrx_word' id='word_1_44' title='bbox 803 1255 1020 1311; x_wconf 86' lang='lat' dir='ltr'>Cernen</span> <span class='ocrx_word' id='word_1_45' title='bbox 1053 1254 1298 1308; x_wconf 88' lang='lat' dir='ltr'>insulam</span> <span class='ocrx_word' id='word_1_46' title='bbox 1345 1297 1641 1310; x_wconf 92' lang='grc'><strong>.....</strong></span> <span class='ocrx_word' id='word_1_47' title='bbox 1706 1253 1827 1307; x_wconf 88' lang='lat' dir='ltr'>dies</span> <span class='ocrx_word' id='word_1_48' title='bbox 1850 1297 2217 1308; x_wconf 91' lang='grc'><strong>......</strong></span> <span class='ocrx_word' id='word_1_49' title='bbox 2391 1259 2425 1306; x_wconf 82' lang='lat'><strong>3</strong></span> <span class='ocrx_word' id='word_1_50' title='bbox 2551 1302 2552 1311; x_wconf 71' lang='grc'><strong><em>,</em></strong></span> <span class='ocrx_word' id='word_1_51' title='bbox 2679 1260 2711 1307; x_wconf 90' lang='grc'><strong>3</strong></span> 
     </span>
     <span class='ocr_line' id='line_1_10' title="bbox 658 1334 2730 1414; baseline -0 -17"><span class='ocrx_word' id='word_1_52' title='bbox 658 1342 795 1399; x_wconf 91' lang='lat' dir='ltr'>Inde</span> <span class='ocrx_word' id='word_1_53' title='bbox 815 1344 852 1414; x_wconf 93' lang='lat'>¹)</span> <span class='ocrx_word' id='word_1_54' title='bbox 892 1343 966 1397; x_wconf 85' lang='lat' dir='ltr'>ad</span> <span class='ocrx_word' id='word_1_55' title='bbox 1002 1346 1223 1398; x_wconf 89' lang='lat' dir='ltr'>montes</span> <span class='ocrx_word' id='word_1_56' title='bbox 1263 1342 1503 1397; x_wconf 88' lang='lat' dir='ltr'>silvosos</span> <span class='ocrx_word' id='word_1_57' title='bbox 1753 1386 2217 1410; x_wconf 84' lang='grc'><strong>........</strong></span> <span class='ocrx_word' id='word_1_58' title='bbox 2378 1347 2443 1394; x_wconf 87' lang='grc'>12</span> <span class='ocrx_word' id='word_1_59' title='bbox 2550 1334 2555 1397; x_wconf 73' lang='grc' dir='ltr'><strong><em>ἐ</em></strong></span> <span class='ocrx_word' id='word_1_60' title='bbox 2667 1349 2730 1396; x_wconf 90' lang='grc'>12</span> 
     </span>
    </p>
   </div>
   <div class='ocr_carea' id='block_1_6' title="bbox 2833 1058 2843 1409">
    <p class='ocr_par' dir='ltr' id='par_1_7' title="bbox 2833 1058 2843 1409">
     <span class='ocr_line' id='line_1_11' title="bbox 2833 1058 2843 1409; baseline 0 3925"><span class='ocrx_word' id='word_1_61' title='bbox 2833 1058 2843 1409; x_wconf 95' lang='lat' dir='ltr'> </span> 
     </span>
    </p>
   </div>
   <div class='ocr_carea' id='block_1_7' title="bbox 659 1429 2713 1486">
    <p class='ocr_par' dir='ltr' id='par_1_8' title="bbox 659 1429 2713 1486">
     <span class='ocr_line' id='line_1_12' title="bbox 659 1429 2713 1486; baseline 0 -2"><span class='ocrx_word' id='word_1_62' title='bbox 659 1431 807 1485; x_wconf 91' lang='lat' dir='ltr'>Hinc</span> <span class='ocrx_word' id='word_1_63' title='bbox 843 1432 916 1486; x_wconf 82' lang='lat' dir='ltr'>ad</span> <span class='ocrx_word' id='word_1_64' title='bbox 952 1434 1179 1486; x_wconf 86' lang='lat' dir='ltr'>vastum</span> <span class='ocrx_word' id='word_1_65' title='bbox 1215 1430 1387 1485; x_wconf 85' lang='lat' dir='ltr'>maris</span> <span class='ocrx_word' id='word_1_66' title='bbox 1425 1429 1647 1485; x_wconf 86' lang='lat' dir='ltr'>hiatum</span> <span class='ocrx_word' id='word_1_67' title='bbox 2394 1436 2427 1484; x_wconf 88' lang='grc'><strong>2</strong></span> <span class='ocrx_word' id='word_1_68' title='bbox 2681 1437 2713 1485; x_wconf 85' lang='grc'><strong>2</strong></span> 
     </span>
    </p>
   </div>
   <div class='ocr_carea' id='block_1_8' title="bbox 596 0 3462 1627">
    <p class='ocr_par' dir='ltr' id='par_1_9' title="bbox 596 0 3462 1191">
     <span class='ocr_line' id='line_1_13' title="bbox 597 0 3462 1191; baseline -0.01 -763"><span class='ocrx_word' id='word_1_69' title='bbox 597 364 686 428; x_wconf 78' lang='lat'>54</span> <span class='ocrx_word' id='word_1_70' title='bbox 1731 360 1916 428; x_wconf 79' lang='lat' dir='ltr'>Caput</span> <span class='ocrx_word' id='word_1_71' title='bbox 1951 359 1993 414; x_wconf 93' lang='grc' dir='ltr'>Ι.</span> <span class='ocrx_word' id='word_1_72' title='bbox 3439 0 3462 1191; x_wconf 50' lang='grc' dir='ltr'>ἲ</span> 
     </span>
     <span class='ocr_line' id='line_1_14' title="bbox 596 521 3105 613; baseline 0 -2"><span class='ocrx_word' id='word_1_73' title='bbox 596 521 3105 613; x_wconf 53' lang='lat' dir='ltr'>mm</span> 
     </span>
    </p>

    <p class='ocr_par' dir='ltr' id='par_1_10' title="bbox 649 625 2981 698">
     <span class='ocr_line' id='line_1_15' title="bbox 649 625 2981 698; baseline -0.001 -12"><span class='ocrx_word' id='word_1_74' title='bbox 649 632 703 686; x_wconf 88' lang='grc' dir='ltr'>-Α</span> <span class='ocrx_word' id='word_1_75' title='bbox 738 632 884 687; x_wconf 85' lang='lat' dir='ltr'>freto</span> <span class='ocrx_word' id='word_1_76' title='bbox 923 629 1207 686; x_wconf 82' lang='lat' dir='ltr'>Gaditano</span> <span class='ocrx_word' id='word_1_77' title='bbox 1246 629 1319 683; x_wconf 82' lang='lat' dir='ltr'>ad</span> <span class='ocrx_word' id='word_1_78' title='bbox 1355 625 1783 698; x_wconf 77' lang='lat' dir='ltr'>Thymiaterion</span> <span class='ocrx_word' id='word_1_79' title='bbox 1820 627 1940 682; x_wconf 91' lang='lat' dir='ltr'>dies</span> <span class='ocrx_word' id='word_1_80' title='bbox 1980 673 1991 682; x_wconf 90' lang='lat'>.</span> <span class='ocrx_word' id='word_1_81' title='bbox 2051 673 2062 682; x_wconf 90' lang='lat'>.</span> <span class='ocrx_word' id='word_1_82' title='bbox 2124 674 2133 683; x_wconf 94' lang='lat'>.</span> <span class='ocrx_word' id='word_1_83' title='bbox 2195 674 2205 683; x_wconf 90' lang='lat'>.</span> <span class='ocrx_word' id='word_1_84' title='bbox 2381 636 2412 683; x_wconf 90' lang='grc'><strong>2</strong></span> <span class='ocrx_word' id='word_1_85' title='bbox 2668 636 2700 684; x_wconf 95' lang='grc'><strong>2</strong></span> <span class='ocrx_word' id='word_1_86' title='bbox 2949 635 2981 683; x_wconf 95' lang='grc'><strong>2</strong></span> 
     </span>
    </p>

    <p class='ocr_par' dir='ltr' id='par_1_11' title="bbox 2365 714 2832 771">
     <span class='ocr_line' id='line_1_16' title="bbox 2365 714 2832 771; baseline 0 -13"><span class='ocrx_word' id='word_1_87' title='bbox 2365 749 2431 758; x_wconf 89' lang='grc'>.-.</span> <span class='ocrx_word' id='word_1_88' title='bbox 2669 723 2703 771; x_wconf 85' lang='lat'>4</span> <span class='ocrx_word' id='word_1_89' title='bbox 2828 714 2832 733; x_wconf 83' lang='lat'><strong>¹</strong></span> 
     </span>
    </p>

    <p class='ocr_par' dir='ltr' id='par_1_12' title="bbox 657 537 3117 1627">
     <span class='ocr_line' id='line_1_17' title="bbox 657 537 3117 1627; baseline 0 -54"><span class='ocrx_word' id='word_1_90' title='bbox 657 1519 794 1575; x_wconf 91' lang='lat' dir='ltr'>Inde</span> <span class='ocrx_word' id='word_1_91' title='bbox 834 1520 905 1574; x_wconf 89' lang='lat' dir='ltr'>ad</span> <span class='ocrx_word' id='word_1_92' title='bbox 942 1519 1179 1590; x_wconf 82' lang='lat' dir='ltr'>Hesperi</span> <span class='ocrx_word' id='word_1_93' title='bbox 1217 1520 1401 1575; x_wconf 88' lang='lat' dir='ltr'>Cornu</span> <span class='ocrx_word' id='word_1_94' title='bbox 1676 1570 1679 1575; x_wconf 89' lang='lat'>.</span> <span class='ocrx_word' id='word_1_95' title='bbox 1754 1474 1789 1588; x_wconf 47' lang='grc' dir='ltr'>,Ἴ</span> <span class='ocrx_word' id='word_1_96' title='bbox 2210 1501 2273 1627; x_wconf 68' lang='grc'>1</span> <span class='ocrx_word' id='word_1_97' title='bbox 2396 1524 2429 1572; x_wconf 87' lang='grc'><strong>5</strong></span> <span class='ocrx_word' id='word_1_98' title='bbox 2552 1460 2558 1613; x_wconf 68' lang='grc' dir='ltr'><strong>ι</strong></span> <span class='ocrx_word' id='word_1_99' title='bbox 2684 1527 2716 1574; x_wconf 82' lang='lat'>5</span> <span class='ocrx_word' id='word_1_100' title='bbox 3094 537 3117 1622; x_wconf 52' lang='grc' dir='ltr'>ἱ</span> 
     </span>
    </p>
   </div>
   <div class='ocr_carea' id='block_1_9' title="bbox 2942 1524 3011 1571">
    <p class='ocr_par' dir='ltr' id='par_1_13' title="bbox 2942 1524 3011 1571">
     <span class='ocr_line' id='line_1_18' title="bbox 2942 1524 2975 1571; textangle 90"><span class='ocrx_word' id='word_1_101' title='bbox 2942 1524 2975 1571; x_wconf 72' lang='lat'>00</span> 
     </span>
     <span class='ocr_line' id='line_1_19' title="bbox 2981 1525 3011 1571; textangle 90"><span class='ocrx_word' id='word_1_102' title='bbox 2981 1525 3011 1571; x_wconf 71' lang='lat'>0¹</span> 
     </span>
    </p>
   </div>
   <div class='ocr_carea' id='block_1_10' title="bbox 606 1711 3130 4051">
    <p class='ocr_par' dir='ltr' id='par_1_14' title="bbox 606 1711 3123 1913">
     <span class='ocr_line' id='line_1_20' title="bbox 606 1711 3123 1806; baseline -0.001 -24"><span class='ocrx_word' id='word_1_103' title='bbox 606 1718 874 1784; x_wconf 89' lang='lat' dir='ltr'>Manent</span> <span class='ocrx_word' id='word_1_104' title='bbox 938 1720 1143 1806; x_wconf 84' lang='lat' dir='ltr'>igitur</span> <span class='ocrx_word' id='word_1_105' title='bbox 1208 1711 1435 1784; x_wconf 57' lang='lat' dir='ltr'>&amp;lculi</span> <span class='ocrx_word' id='word_1_106' title='bbox 1501 1720 1628 1784; x_wconf 90' lang='lat' dir='ltr'>mei</span> <span class='ocrx_word' id='word_1_107' title='bbox 1694 1720 1751 1783; x_wconf 82' lang='lat' dir='ltr'>si</span> <span class='ocrx_word' id='word_1_108' title='bbox 1807 1743 1845 1782; x_wconf 89' lang='lat' dir='ltr'>a</span> <span class='ocrx_word' id='word_1_109' title='bbox 1898 1718 2252 1783; x_wconf 87' lang='lat' dir='ltr'>levioribus</span> <span class='ocrx_word' id='word_1_110' title='bbox 2319 1719 2706 1804; x_wconf 88' lang='lat' dir='ltr'>quibusdam</span> <span class='ocrx_word' id='word_1_111' title='bbox 2769 1720 2966 1784; x_wconf 88' lang='lat' dir='ltr'>rebus</span> <span class='ocrx_word' id='word_1_112' title='bbox 3019 1717 3123 1781; x_wconf 84' lang='lat' dir='ltr'>vel</span> 
     </span>
     <span class='ocr_line' id='line_1_21' title="bbox 610 1812 2879 1913; baseline 0 -23"><span class='ocrx_word' id='word_1_113' title='bbox 610 1812 841 1910; x_wconf 84' lang='lat' dir='ltr'>suapte</span> <span class='ocrx_word' id='word_1_114' title='bbox 885 1830 1118 1890; x_wconf 86' lang='lat' dir='ltr'>natura</span> <span class='ocrx_word' id='word_1_115' title='bbox 1164 1826 1380 1890; x_wconf 82' lang='lat' dir='ltr'>dubiis</span> <span class='ocrx_word' id='word_1_116' title='bbox 1427 1826 1812 1913; x_wconf 84' lang='lat' dir='ltr'>discesseriS‚</span> <span class='ocrx_word' id='word_1_117' title='bbox 1859 1849 2126 1911; x_wconf 84' lang='lat' dir='ltr'>prorsus</span> <span class='ocrx_word' id='word_1_118' title='bbox 2172 1826 2331 1891; x_wconf 87' lang='lat' dir='ltr'>recti</span> <span class='ocrx_word' id='word_1_119' title='bbox 2380 1831 2575 1912; x_wconf 88' lang='lat' dir='ltr'>atque</span> <span class='ocrx_word' id='word_1_120' title='bbox 2623 1826 2879 1912; x_wconf 76' lang='lat' dir='ltr'>integri.</span> 
     </span>
    </p>

    <p class='ocr_par' dir='ltr' id='par_1_15' title="bbox 607 1931 3130 4051">
     <span class='ocr_line' id='line_1_22' title="bbox 786 1931 3124 2021; baseline -0.001 -24"><span class='ocrx_word' id='word_1_121' title='bbox 786 1931 910 1997; x_wconf 84' lang='lat' dir='ltr'>Sed</span> <span class='ocrx_word' id='word_1_122' title='bbox 966 1933 1226 1997; x_wconf 86' lang='lat' dir='ltr'>tandem</span> <span class='ocrx_word' id='word_1_123' title='bbox 1286 1933 1631 2018; x_wconf 87' lang='lat' dir='ltr'>aliquando</span> <span class='ocrx_word' id='word_1_124' title='bbox 1688 1956 2037 2021; x_wconf 84' lang='lat' dir='ltr'>pergamus</span> <span class='ocrx_word' id='word_1_125' title='bbox 2098 1938 2163 1998; x_wconf 91' lang='lat' dir='ltr'>et</span> <span class='ocrx_word' id='word_1_126' title='bbox 2217 1934 2556 1999; x_wconf 79' lang='lat' dir='ltr'>Hannonis</span> <span class='ocrx_word' id='word_1_127' title='bbox 2610 1933 2736 1998; x_wconf 88' lang='lat' dir='ltr'>iter</span> <span class='ocrx_word' id='word_1_128' title='bbox 2795 1932 2876 1996; x_wconf 88' lang='lat' dir='ltr'>ad</span> <span class='ocrx_word' id='word_1_129' title='bbox 2929 1933 3124 1996; x_wconf 89' lang='lat' dir='ltr'>finem</span> 
     </span>
     <span class='ocr_line' id='line_1_23' title="bbox 607 2040 3123 2127; baseline -0.001 -23"><span class='ocrx_word' id='word_1_130' title='bbox 607 2063 811 2124; x_wconf 85' lang='lat' dir='ltr'>usque</span> <span class='ocrx_word' id='word_1_131' title='bbox 871 2043 1364 2126; x_wconf 86' lang='lat' dir='ltr'>prosequamur!</span> <span class='ocrx_word' id='word_1_132' title='bbox 1429 2041 1742 2107; x_wconf 84' lang='lat' dir='ltr'>Videmus</span> <span class='ocrx_word' id='word_1_133' title='bbox 1790 2041 2175 2106; x_wconf 84' lang='lat' dir='ltr'>Hannonem</span> <span class='ocrx_word' id='word_1_134' title='bbox 2229 2041 2495 2127; x_wconf 81' lang='lat' dir='ltr'>ignibus</span> <span class='ocrx_word' id='word_1_135' title='bbox 2551 2040 3123 2126; x_wconf 81' lang='lat' dir='ltr'>cymbalorumque</span> 
     </span>
     <span class='ocr_line' id='line_1_24' title="bbox 610 2147 3123 2232; baseline -0 -22"><span class='ocrx_word' id='word_1_136' title='bbox 610 2147 892 2231; x_wconf 82' lang='lat' dir='ltr'>strepitu</span> <span class='ocrx_word' id='word_1_137' title='bbox 938 2148 1307 2232; x_wconf 86' lang='lat' dir='ltr'>perculsum</span> <span class='ocrx_word' id='word_1_138' title='bbox 1354 2148 1684 2213; x_wconf 83' lang='lat' dir='ltr'>celerrime</span> <span class='ocrx_word' id='word_1_139' title='bbox 1720 2147 2001 2232; x_wconf 85' lang='lat' dir='ltr'>Hesperi</span> <span class='ocrx_word' id='word_1_140' title='bbox 2048 2147 2483 2232; x_wconf 75' lang='lat' dir='ltr'>promunturii</span> <span class='ocrx_word' id='word_1_141' title='bbox 2531 2148 2810 2213; x_wconf 82' lang='lat' dir='ltr'>insulam</span> <span class='ocrx_word' id='word_1_142' title='bbox 2857 2147 3123 2211; x_wconf 89' lang='lat' dir='ltr'>derelin-</span> 
     </span>
     <span class='ocr_line' id='line_1_25' title="bbox 609 2253 3124 2341; baseline 0 -22"><span class='ocrx_word' id='word_1_143' title='bbox 609 2276 830 2339; x_wconf 89' lang='lat' dir='ltr'>quere:</span> <span class='ocrx_word' id='word_1_144' title='bbox 868 2258 1034 2341; x_wconf 85' lang='grc' dir='ltr'><strong><em>ταχὺ</em></strong></span> <span class='ocrx_word' id='word_1_145' title='bbox 1066 2253 1126 2320; x_wconf 85' lang='grc' dir='ltr'>δ’</span> <span class='ocrx_word' id='word_1_146' title='bbox 1164 2255 1656 2338; x_wconf 76' lang='grc' dir='ltr'><strong><em>ἐκπλεύσαντες,</em></strong></span> <span class='ocrx_word' id='word_1_147' title='bbox 1697 2254 1930 2340; x_wconf 87' lang='lat' dir='ltr'>inquit,</span> <span class='ocrx_word' id='word_1_148' title='bbox 1958 2257 2507 2340; x_wconf 87' lang='grc' dir='ltr'><strong><em>παρημειβόμεθα</em></strong></span> <span class='ocrx_word' id='word_1_149' title='bbox 2535 2255 2760 2339; x_wconf 86' lang='grc' dir='ltr'><strong><em>χώραν</em></strong></span> <span class='ocrx_word' id='word_1_150' title='bbox 2792 2256 3124 2337; x_wconf 78' lang='grc' dir='ltr'><em>διάπυρον</em></span> 
     </span>
     <span class='ocr_line' id='line_1_26' title="bbox 607 2357 3124 2447; baseline -0 -21"><span class='ocrx_word' id='word_1_151' title='bbox 607 2363 1051 2447; x_wconf 80' lang='grc' dir='ltr'><strong><em>θυμιαμάτων</em></strong></span> <span class='ocrx_word' id='word_1_152' title='bbox 1098 2364 1421 2447; x_wconf 82' lang='grc' dir='ltr'><strong><em>μεστ&lt;ήν·</em></strong></span> <span class='ocrx_word' id='word_1_153' title='bbox 1466 2361 1808 2447; x_wconf 77' lang='grc' dir='ltr'><strong><em>μέγιστ&gt;οι</em></strong></span> <span class='ocrx_word' id='word_1_154' title='bbox 1847 2357 1908 2426; x_wconf 92' lang='grc' dir='ltr'>δ’</span> <span class='ocrx_word' id='word_1_155' title='bbox 1955 2359 2064 2426; x_wconf 83' lang='grc' dir='ltr'>ἀπ’</span> <span class='ocrx_word' id='word_1_156' title='bbox 2113 2362 2316 2446; x_wconf 83' lang='grc' dir='ltr'><strong><em>αὐτῆς</em></strong></span> <span class='ocrx_word' id='word_1_157' title='bbox 2359 2362 2693 2446; x_wconf 77' lang='grc' dir='ltr'><strong><em>πυρώδεις</em></strong></span> <span class='ocrx_word' id='word_1_158' title='bbox 2738 2362 2976 2447; x_wconf 82' lang='grc' dir='ltr'><strong><em>ῥύακες</em></strong></span> <span class='ocrx_word' id='word_1_159' title='bbox 3021 2360 3124 2425; x_wconf 88' lang='grc' dir='ltr'><strong><em>ε’ν-</em></strong></span> 
     </span>
     <span class='ocr_line' id='line_1_27' title="bbox 610 2464 3125 2554; baseline -0 -21"><span class='ocrx_word' id='word_1_160' title='bbox 610 2467 854 2552; x_wconf 87' lang='grc' dir='ltr'><strong><em>έβαλον</em></strong></span> <span class='ocrx_word' id='word_1_161' title='bbox 892 2471 986 2545; x_wconf 83' lang='grc' dir='ltr'>εἰς</span> <span class='ocrx_word' id='word_1_162' title='bbox 1030 2469 1153 2553; x_wconf 84' lang='grc' dir='ltr'>τὴν</span> <span class='ocrx_word' id='word_1_163' title='bbox 1199 2469 1561 2535; x_wconf 80' lang='grc' dir='ltr'><strong><em>θάλατταν.</em></strong></span> <span class='ocrx_word' id='word_1_164' title='bbox 1633 2465 1728 2532; x_wconf 91' lang='grc' dir='ltr'><em>Ἡ</em></span> <span class='ocrx_word' id='word_1_165' title='bbox 1755 2477 1839 2553; x_wconf 74' lang='grc' dir='ltr'>γῆ</span> <span class='ocrx_word' id='word_1_166' title='bbox 1888 2466 1951 2533; x_wconf 86' lang='grc' dir='ltr'>δ’</span> <span class='ocrx_word' id='word_1_167' title='bbox 1997 2466 2127 2533; x_wconf 88' lang='grc' dir='ltr'>ὑπὸ</span> <span class='ocrx_word' id='word_1_168' title='bbox 2168 2466 2427 2553; x_wconf 87' lang='grc' dir='ltr'><strong><em>θέρμης</em></strong></span> <span class='ocrx_word' id='word_1_169' title='bbox 2472 2469 2719 2550; x_wconf 74' lang='grc' dir='ltr'><strong><em>ἄβατος</em></strong></span> <span class='ocrx_word' id='word_1_170' title='bbox 2753 2464 2858 2554; x_wconf 78' lang='grc' dir='ltr'>ἦν.</span> <span class='ocrx_word' id='word_1_171' title='bbox 2942 2470 3125 2552; x_wconf 79' lang='grc' dir='ltr'><strong><em>Ταχὺ</em></strong></span> 
     </span>
     <span class='ocr_line' id='line_1_28' title="bbox 612 2569 3126 2661; baseline 0 -21"><span class='ocrx_word' id='word_1_172' title='bbox 612 2569 737 2640; x_wconf 80' lang='grc' dir='ltr'>οὖν</span> <span class='ocrx_word' id='word_1_173' title='bbox 772 2575 1087 2641; x_wconf 80' lang='grc' dir='ltr'><strong><em>κάκεῖθεν</em></strong></span> <span class='ocrx_word' id='word_1_174' title='bbox 1125 2575 1542 2660; x_wconf 78' lang='grc' dir='ltr'><strong><em>φοβηθέντες</em></strong></span> <span class='ocrx_word' id='word_1_175' title='bbox 1579 2574 2101 2659; x_wconf 82' lang='grc' dir='ltr'><strong><em>ἀπεπλεύσαμεν.</em></strong></span> <span class='ocrx_word' id='word_1_176' title='bbox 2183 2572 2509 2661; x_wconf 88' lang='grc' dir='ltr'><strong><em>Τέτταρας</em></strong></span> <span class='ocrx_word' id='word_1_177' title='bbox 2548 2571 2608 2640; x_wconf 91' lang='grc' dir='ltr'>δ’</span> <span class='ocrx_word' id='word_1_178' title='bbox 2651 2574 2897 2660; x_wconf 88' lang='grc' dir='ltr'><strong><em>ἡμέρας</em></strong></span> <span class='ocrx_word' id='word_1_179' title='bbox 2925 2577 3126 2660; x_wconf 90' lang='grc' dir='ltr'><strong><em>φερό-</em></strong></span> 
     </span>
     <span class='ocr_line' id='line_1_29' title="bbox 612 2677 3124 2770; baseline -0 -24"><span class='ocrx_word' id='word_1_180' title='bbox 612 2706 827 2766; x_wconf 89' lang='grc' dir='ltr'><strong><em>μενοι,</em></strong></span> <span class='ocrx_word' id='word_1_181' title='bbox 873 2684 1113 2759; x_wconf 87' lang='grc' dir='ltr'><strong><em>νυκτὸς</em></strong></span> <span class='ocrx_word' id='word_1_182' title='bbox 1158 2684 1282 2766; x_wconf 85' lang='grc' dir='ltr'>τὴν</span> <span class='ocrx_word' id='word_1_183' title='bbox 1326 2691 1455 2766; x_wconf 77' lang='grc' dir='ltr'>γῆν</span> <span class='ocrx_word' id='word_1_184' title='bbox 1504 2681 1916 2768; x_wconf 81' lang='grc' dir='ltr'><strong><em>ἀφεωρῶμεν</em></strong></span> <span class='ocrx_word' id='word_1_185' title='bbox 1963 2682 2216 2766; x_wconf 74' lang='grc' dir='ltr'><strong><em>φλογὸς</em></strong></span> <span class='ocrx_word' id='word_1_186' title='bbox 2261 2684 2536 2766; x_wconf 86' lang='grc' dir='ltr'><strong><em>μεστήν·</em></strong></span> <span class='ocrx_word' id='word_1_187' title='bbox 2583 2680 2657 2747; x_wconf 88' lang='grc' dir='ltr'>ἐν</span> <span class='ocrx_word' id='word_1_188' title='bbox 2703 2679 2881 2770; x_wconf 76' lang='grc' dir='ltr'><strong><em>μέσῳ</em></strong></span> <span class='ocrx_word' id='word_1_189' title='bbox 2931 2677 2991 2747; x_wconf 92' lang='grc' dir='ltr'>δ’</span> <span class='ocrx_word' id='word_1_190' title='bbox 3037 2677 3124 2764; x_wconf 80' lang='grc' dir='ltr'>ἦν</span> 
     </span>
     <span class='ocr_line' id='line_1_30' title="bbox 609 2788 3127 2874; baseline -0 -21"><span class='ocrx_word' id='word_1_191' title='bbox 609 2790 927 2873; x_wconf 84' lang='grc' dir='ltr'><strong><em>ἠλίβατόν</em></strong></span> <span class='ocrx_word' id='word_1_192' title='bbox 981 2813 1046 2854; x_wconf 91' lang='grc' dir='ltr'>τι</span> <span class='ocrx_word' id='word_1_193' title='bbox 1098 2798 1264 2874; x_wconf 89' lang='grc' dir='ltr'><strong><em>πῦρ,</em></strong></span> <span class='ocrx_word' id='word_1_194' title='bbox 1326 2801 1462 2855; x_wconf 83' lang='grc' dir='ltr'>τῶν</span> <span class='ocrx_word' id='word_1_195' title='bbox 1517 2791 1740 2856; x_wconf 80' lang='grc' dir='ltr'><strong><em>ἄλλων</em></strong></span> <span class='ocrx_word' id='word_1_196' title='bbox 1786 2792 2042 2874; x_wconf 80' lang='grc' dir='ltr'><strong><em>μεῖζον,</em></strong></span> <span class='ocrx_word' id='word_1_197' title='bbox 2095 2788 2506 2873; x_wconf 78' lang='grc' dir='ltr'><strong><em>ἁπτόμενον,</em></strong></span> <span class='ocrx_word' id='word_1_198' title='bbox 2561 2788 2652 2865; x_wconf 81' lang='grc' dir='ltr'><strong><em>ὡς</em></strong></span> <span class='ocrx_word' id='word_1_199' title='bbox 2695 2788 2945 2869; x_wconf 87' lang='grc' dir='ltr'><strong><em>ἐδόκει,</em></strong></span> <span class='ocrx_word' id='word_1_200' title='bbox 2992 2799 3127 2853; x_wconf 84' lang='grc' dir='ltr'>τῶν</span> 
     </span>
     <span class='ocr_line' id='line_1_31' title="bbox 619 2892 3130 2982; baseline -0.001 -21"><span class='ocrx_word' id='word_1_201' title='bbox 619 2897 900 2982; x_wconf 77' lang='grc' dir='ltr'><strong><em>ἄστρων.</em></strong></span> <span class='ocrx_word' id='word_1_202' title='bbox 1001 2900 1213 2962; x_wconf 86' lang='grc' dir='ltr'><strong><em>Τοῦτο</em></strong></span> <span class='ocrx_word' id='word_1_203' title='bbox 1274 2893 1334 2960; x_wconf 86' lang='grc' dir='ltr'>δ’</span> <span class='ocrx_word' id='word_1_204' title='bbox 1389 2894 1637 2981; x_wconf 87' lang='grc' dir='ltr'><strong><em>ἡμέρας</em></strong></span> <span class='ocrx_word' id='word_1_205' title='bbox 1691 2896 1850 2980; x_wconf 77' lang='grc' dir='ltr'><strong><em>ὄρος</em></strong></span> <span class='ocrx_word' id='word_1_206' title='bbox 1904 2894 2213 2980; x_wconf 88' lang='grc' dir='ltr'><strong><em>ἐφαίνετο</em></strong></span> <span class='ocrx_word' id='word_1_207' title='bbox 2262 2892 2606 2978; x_wconf 77' lang='grc' dir='ltr'><strong><em>μέγιστον,</em></strong></span> <span class='ocrx_word' id='word_1_208' title='bbox 2655 2899 2843 2960; x_wconf 80' lang='grc' dir='ltr'><strong><em>Θεῶν</em></strong></span> <span class='ocrx_word' id='word_1_209' title='bbox 2871 2893 3130 2980; x_wconf 86' lang='grc' dir='ltr'><strong><em>Ὄχημα</em></strong></span> 
     </span>
     <span class='ocr_line' id='line_1_32' title="bbox 615 3000 3128 3088; baseline 0 -21"><span class='ocrx_word' id='word_1_210' title='bbox 615 3004 1049 3088; x_wconf 88' lang='grc' dir='ltr'><strong><em>καλούμενον.</em></strong></span> <span class='ocrx_word' id='word_1_211' title='bbox 1131 3007 1429 3088; x_wconf 86' lang='grc' dir='ltr'><strong><em>Τριταῖοι</em></strong></span> <span class='ocrx_word' id='word_1_212' title='bbox 1467 3000 1534 3069; x_wconf 88' lang='grc' dir='ltr'>δ’</span> <span class='ocrx_word' id='word_1_213' title='bbox 1582 3002 1845 3068; x_wconf 85' lang='grc' dir='ltr'><strong><em>ἐκεῖθεν</em></strong></span> <span class='ocrx_word' id='word_1_214' title='bbox 1885 3002 2217 3085; x_wconf 79' lang='grc' dir='ltr'><strong><em>πυρώδεις</em></strong></span> <span class='ocrx_word' id='word_1_215' title='bbox 2255 3001 2503 3087; x_wconf 81' lang='grc' dir='ltr'><strong><em>ῥύακας</em></strong></span> <span class='ocrx_word' id='word_1_216' title='bbox 2540 3003 3128 3087; x_wconf 84' lang='grc' dir='ltr'><strong><em>παραπλεύσαντες</em></strong></span> 
     </span>
     <span class='ocr_line' id='line_1_33' title="bbox 615 3105 3123 3196; baseline -0.001 -21"><span class='ocrx_word' id='word_1_217' title='bbox 615 3109 997 3196; x_wconf 81' lang='grc' dir='ltr'><strong><em>ἀφικόμεθα</em></strong></span> <span class='ocrx_word' id='word_1_218' title='bbox 1042 3112 1139 3187; x_wconf 82' lang='grc' dir='ltr'>εἰς</span> <span class='ocrx_word' id='word_1_219' title='bbox 1197 3112 1448 3176; x_wconf 88' lang='grc' dir='ltr'><strong><em>κόλπον</em></strong></span> <span class='ocrx_word' id='word_1_220' title='bbox 1493 3112 1726 3176; x_wconf 90' lang='grc' dir='ltr'><strong><em>Νότου</em></strong></span> <span class='ocrx_word' id='word_1_221' title='bbox 1772 3111 1993 3195; x_wconf 81' lang='grc' dir='ltr'><strong><em>Κέρας</em></strong></span> <span class='ocrx_word' id='word_1_222' title='bbox 2039 3111 2423 3192; x_wconf 78' lang='grc' dir='ltr'><strong><em>λεγόμενον.</em></strong></span> <span class='ocrx_word' id='word_1_223' title='bbox 2507 3105 2621 3173; x_wconf 85' lang='grc' dir='ltr'>Ἐν</span> <span class='ocrx_word' id='word_1_224' title='bbox 2670 3105 2744 3174; x_wconf 73' lang='grc' dir='ltr'>δὲ</span> <span class='ocrx_word' id='word_1_225' title='bbox 2797 3116 2887 3196; x_wconf 77' lang='grc' dir='ltr'>τῷ</span> <span class='ocrx_word' id='word_1_226' title='bbox 2936 3117 3123 3196; x_wconf 77' lang='grc' dir='ltr'><strong><em>μυχῷ</em></strong></span> 
     </span>
     <span class='ocr_line' id='line_1_34' title="bbox 613 3212 3129 3302; baseline -0 -21"><span class='ocrx_word' id='word_1_227' title='bbox 613 3224 820 3301; x_wconf 81' lang='grc' dir='ltr'><strong><em>νῆσος</em></strong></span> <span class='ocrx_word' id='word_1_228' title='bbox 863 3212 949 3301; x_wconf 78' lang='grc' dir='ltr'>ἦν</span> <span class='ocrx_word' id='word_1_229' title='bbox 995 3216 1250 3283; x_wconf 79' lang='grc' dir='ltr'><strong><em>ἐοικυῖα</em></strong></span> <span class='ocrx_word' id='word_1_230' title='bbox 1299 3225 1376 3302; x_wconf 76' lang='grc' dir='ltr'>τῇ</span> <span class='ocrx_word' id='word_1_231' title='bbox 1421 3218 1678 3302; x_wconf 81' lang='grc' dir='ltr'><strong><em>πρώτῃ,</em></strong></span> <span class='ocrx_word' id='word_1_232' title='bbox 1736 3220 1981 3302; x_wconf 81' lang='grc' dir='ltr'><strong><em>λίμνην</em></strong></span> <span class='ocrx_word' id='word_1_233' title='bbox 2036 3219 2310 3302; x_wconf 84' lang='grc' dir='ltr'><strong><em>ἔχουσα·</em></strong></span> <span class='ocrx_word' id='word_1_234' title='bbox 2372 3213 2484 3281; x_wconf 87' lang='grc' dir='ltr'><strong><em>καὶ</em></strong></span> <span class='ocrx_word' id='word_1_235' title='bbox 2539 3215 2614 3281; x_wconf 91' lang='grc' dir='ltr'>ἐν</span> <span class='ocrx_word' id='word_1_236' title='bbox 2660 3216 2868 3301; x_wconf 81' lang='grc' dir='ltr'><strong><em>ταύτῃ</em></strong></span> <span class='ocrx_word' id='word_1_237' title='bbox 2922 3226 3129 3301; x_wconf 80' lang='grc' dir='ltr'><strong><em>νῆσος</em></strong></span> 
     </span>
     <span class='ocr_line' id='line_1_35' title="bbox 612 3318 3127 3410; baseline 0 -23"><span class='ocrx_word' id='word_1_238' title='bbox 612 3318 699 3406; x_wconf 79' lang='grc' dir='ltr'>ἦν</span> <span class='ocrx_word' id='word_1_239' title='bbox 746 3321 965 3408; x_wconf 84' lang='grc' dir='ltr'><strong><em>ἑτέρα,</em></strong></span> <span class='ocrx_word' id='word_1_240' title='bbox 1020 3324 1223 3408; x_wconf 82' lang='grc' dir='ltr'><strong><em>μεστὴ</em></strong></span> <span class='ocrx_word' id='word_1_241' title='bbox 1281 3323 1664 3410; x_wconf 85' lang='grc' dir='ltr'><strong><em>ἀνθρώπων</em></strong></span> <span class='ocrx_word' id='word_1_242' title='bbox 1723 3323 1995 3409; x_wconf 75' lang='grc' dir='ltr'><strong><em>ἀγρίων.</em></strong></span> <span class='ocrx_word' id='word_1_243' title='bbox 2035 3334 2042 3340; x_wconf 79' lang='grc'>’</span> <span class='ocrx_word' id='word_1_244' title='bbox 2091 3326 2283 3389; x_wconf 88' lang='grc' dir='ltr'><strong><em>Πολὺ</em></strong></span> <span class='ocrx_word' id='word_1_245' title='bbox 2332 3318 2405 3388; x_wconf 74' lang='grc' dir='ltr'>δὲ</span> <span class='ocrx_word' id='word_1_246' title='bbox 2461 3325 2734 3401; x_wconf 85' lang='grc' dir='ltr'><strong><em>πλείους</em></strong></span> <span class='ocrx_word' id='word_1_247' title='bbox 2793 3319 2963 3407; x_wconf 83' lang='grc' dir='ltr'><strong><em>ἦσαν</em></strong></span> <span class='ocrx_word' id='word_1_248' title='bbox 3009 3347 3127 3406; x_wconf 75' lang='grc' dir='ltr'>γυ-</span> 
     </span>
     <span class='ocr_line' id='line_1_36' title="bbox 614 3427 3126 3516; baseline 0.001 -23"><span class='ocrx_word' id='word_1_249' title='bbox 614 3441 865 3512; x_wconf 81' lang='grc' dir='ltr'><strong><em>ναῖκες,</em></strong></span> <span class='ocrx_word' id='word_1_250' title='bbox 923 3432 1181 3496; x_wconf 80' lang='grc' dir='ltr'><strong><em>δασεῖαι</em></strong></span> <span class='ocrx_word' id='word_1_251' title='bbox 1236 3440 1377 3508; x_wconf 82' lang='grc' dir='ltr'><strong><em>τοῖς</em></strong></span> <span class='ocrx_word' id='word_1_252' title='bbox 1424 3432 1756 3516; x_wconf 87' lang='grc' dir='ltr'><strong><em>σώμασιν·</em></strong></span> <span class='ocrx_word' id='word_1_253' title='bbox 1816 3429 1894 3507; x_wconf 78' lang='grc' dir='ltr'><strong><em>ἃς</em></strong></span> <span class='ocrx_word' id='word_1_254' title='bbox 1939 3431 2011 3495; x_wconf 80' lang='grc' dir='ltr'>οἱ</span> <span class='ocrx_word' id='word_1_255' title='bbox 2062 3428 2373 3515; x_wconf 81' lang='grc' dir='ltr'><strong><em>ἑρμηνέες</em></strong></span> <span class='ocrx_word' id='word_1_256' title='bbox 2428 3427 2710 3496; x_wconf 77' lang='grc' dir='ltr'><strong><em>ἐκάλουν</em></strong></span> <span class='ocrx_word' id='word_1_257' title='bbox 2760 3429 3126 3515; x_wconf 77' lang='grc' dir='ltr'><strong><em>Γοργάδας.</em></strong></span> 
     </span>
     <span class='ocr_line' id='line_1_37' title="bbox 615 3532 3128 3624; baseline 0 -23"><span class='ocrx_word' id='word_1_258' title='bbox 615 3537 997 3613; x_wconf 88' lang='grc' dir='ltr'><strong><em>Διώκοντες</em></strong></span> <span class='ocrx_word' id='word_1_259' title='bbox 1041 3532 1116 3602; x_wconf 73' lang='grc' dir='ltr'>δὲ</span> <span class='ocrx_word' id='word_1_260' title='bbox 1162 3539 1414 3624; x_wconf 77' lang='grc' dir='ltr'><strong><em>ἄνδρας</em></strong></span> <span class='ocrx_word' id='word_1_261' title='bbox 1451 3535 1574 3624; x_wconf 71' lang='grc' dir='ltr'>μὲν</span> <span class='ocrx_word' id='word_1_262' title='bbox 1613 3539 1975 3620; x_wconf 81' lang='grc' dir='ltr'><strong><em>συλλαβεῖν</em></strong></span> <span class='ocrx_word' id='word_1_263' title='bbox 2013 3535 2139 3602; x_wconf 88' lang='grc' dir='ltr'>οὐκ</span> <span class='ocrx_word' id='word_1_264' title='bbox 2176 3537 2637 3621; x_wconf 83' lang='grc' dir='ltr'><strong><em>ἠδυνήθημεν,</em></strong></span> <span class='ocrx_word' id='word_1_265' title='bbox 2685 3536 2851 3601; x_wconf 80' lang='grc' dir='ltr'><strong><em>ἀλλὰ</em></strong></span> <span class='ocrx_word' id='word_1_266' title='bbox 2886 3536 3128 3613; x_wconf 78' lang='grc' dir='ltr'><strong><em>πάντες</em></strong></span> 
     </span>
     <span class='ocr_line' id='line_1_38' title="bbox 616 3640 3123 3732; baseline -0 -23"><span class='ocrx_word' id='word_1_267' title='bbox 616 3640 797 3731; x_wconf 75' lang='grc' dir='ltr'><strong><em>(μὲν)</em></strong></span> <span class='ocrx_word' id='word_1_268' title='bbox 855 3641 1212 3728; x_wconf 78' lang='grc' dir='ltr'><strong><em>ἐξέφυγον,</em></strong></span> <span class='ocrx_word' id='word_1_269' title='bbox 1265 3645 1718 3732; x_wconf 73' lang='grc' dir='ltr'><strong><em>κρημνοβοίται</em></strong></span> <span class='ocrx_word' id='word_1_270' title='bbox 1777 3646 1965 3720; x_wconf 78' lang='grc' dir='ltr'><strong><em>ὄντες</em></strong></span> <span class='ocrx_word' id='word_1_271' title='bbox 2019 3641 2129 3709; x_wconf 83' lang='grc' dir='ltr'><strong><em>καὶ</em></strong></span> <span class='ocrx_word' id='word_1_272' title='bbox 2172 3654 2313 3721; x_wconf 80' lang='grc' dir='ltr'><strong><em>τοῖς</em></strong></span> <span class='ocrx_word' id='word_1_273' title='bbox 2371 3641 2638 3729; x_wconf 88' lang='grc' dir='ltr'><strong><em>πέτροις</em></strong></span> <span class='ocrx_word' id='word_1_274' title='bbox 2670 3642 3123 3728; x_wconf 74' lang='grc' dir='ltr'><strong><em>ἀμυνόμενοι,</em></strong></span> 
     </span>
     <span class='ocr_line' id='line_1_39' title="bbox 616 3746 3128 3837; baseline 0 -21"><span class='ocrx_word' id='word_1_275' title='bbox 616 3761 939 3833; x_wconf 75' lang='grc' dir='ltr'><strong><em>γυναῖκας</em></strong></span> <span class='ocrx_word' id='word_1_276' title='bbox 975 3746 1049 3816; x_wconf 74' lang='grc' dir='ltr'>δὲ</span> <span class='ocrx_word' id='word_1_277' title='bbox 1084 3762 1282 3836; x_wconf 77' lang='grc' dir='ltr'><strong><em>τρεῖς,</em></strong></span> <span class='ocrx_word' id='word_1_278' title='bbox 1329 3755 1406 3817; x_wconf 79' lang='grc' dir='ltr'><strong><em>αἳ</em></strong></span> <span class='ocrx_word' id='word_1_279' title='bbox 1438 3753 1815 3818; x_wconf 81' lang='grc' dir='ltr'><strong><em>δάκνουσαί</em></strong></span> <span class='ocrx_word' id='word_1_280' title='bbox 1842 3773 1912 3815; x_wconf 94' lang='grc' dir='ltr'>τε</span> <span class='ocrx_word' id='word_1_281' title='bbox 1958 3747 2069 3816; x_wconf 84' lang='grc' dir='ltr'><strong><em>καὶ</em></strong></span> <span class='ocrx_word' id='word_1_282' title='bbox 2108 3751 2603 3837; x_wconf 79' lang='grc' dir='ltr'><strong><em>σπαράττουσαι</em></strong></span> <span class='ocrx_word' id='word_1_283' title='bbox 2638 3753 2797 3827; x_wconf 85' lang='grc' dir='ltr'><strong><em>τοὺς</em></strong></span> <span class='ocrx_word' id='word_1_284' title='bbox 2840 3752 3128 3833; x_wconf 75' lang='grc' dir='ltr'><strong><em>ἄγοντας</em></strong></span> 
     </span>
     <span class='ocr_line' id='line_1_40' title="bbox 620 3854 3127 3942; baseline 0.001 -20"><span class='ocrx_word' id='word_1_285' title='bbox 620 3857 745 3923; x_wconf 84' lang='grc' dir='ltr'>οὐκ</span> <span class='ocrx_word' id='word_1_286' title='bbox 790 3859 1043 3941; x_wconf 78' lang='grc' dir='ltr'><strong><em>ἤθελον</em></strong></span> <span class='ocrx_word' id='word_1_287' title='bbox 1090 3857 1390 3925; x_wconf 81' lang='grc' dir='ltr'><strong><em>ἕπεσθαι.</em></strong></span> <span class='ocrx_word' id='word_1_288' title='bbox 1464 3854 2000 3934; x_wconf 83' lang='grc' dir='ltr'><strong><em>Ἀποκτείναντες</em></strong></span> <span class='ocrx_word' id='word_1_289' title='bbox 2036 3856 2264 3942; x_wconf 84' lang='grc' dir='ltr'><strong><em>μέντοι</em></strong></span> <span class='ocrx_word' id='word_1_290' title='bbox 2311 3857 2515 3934; x_wconf 78' lang='grc' dir='ltr'><strong><em>αὐτας</em></strong></span> <span class='ocrx_word' id='word_1_291' title='bbox 2560 3855 2982 3942; x_wconf 82' lang='grc' dir='ltr'><strong><em>ἐξεδείραμεν</em></strong></span> <span class='ocrx_word' id='word_1_292' title='bbox 3016 3856 3127 3924; x_wconf 86' lang='grc' dir='ltr'><strong><em>καὶ</em></strong></span> 
     </span>
     <span class='ocr_line' id='line_1_41' title="bbox 617 3963 3128 4051; baseline 0 -22"><span class='ocrx_word' id='word_1_293' title='bbox 617 3966 733 4042; x_wconf 81' lang='grc' dir='ltr'><strong><em>τὰς</em></strong></span> <span class='ocrx_word' id='word_1_294' title='bbox 797 3966 1001 4050; x_wconf 84' lang='grc' dir='ltr'><strong><em>δορὰς</em></strong></span> <span class='ocrx_word' id='word_1_295' title='bbox 1064 3964 1461 4051; x_wconf 85' lang='grc' dir='ltr'><strong><em>ἐκομίσαμεν</em></strong></span> <span class='ocrx_word' id='word_1_296' title='bbox 1526 3968 1620 4044; x_wconf 84' lang='grc' dir='ltr'>εἰς</span> <span class='ocrx_word' id='word_1_297' title='bbox 1673 3966 2101 4051; x_wconf 84' lang='grc' dir='ltr'><strong><em>Καρχηδόνα.</em></strong></span> <span class='ocrx_word' id='word_1_298' title='bbox 2198 3963 2298 4030; x_wconf 86' lang='grc' dir='ltr'>Οὐ</span> <span class='ocrx_word' id='word_1_299' title='bbox 2360 3966 2489 4050; x_wconf 77' lang='grc' dir='ltr'>γὰρ</span> <span class='ocrx_word' id='word_1_300' title='bbox 2553 3966 2649 4028; x_wconf 79' lang='grc' dir='ltr'>ἔτι</span> <span class='ocrx_word' id='word_1_301' title='bbox 2714 3964 3128 4051; x_wconf 88' lang='grc' dir='ltr'><strong><em>ἐπλεύσαμεν</em></strong></span> 
     </span>
    </p>
   </div>
   <div class='ocr_carea' id='block_1_11' title="bbox 619 4092 1045 4100">
    <p class='ocr_par' dir='ltr' id='par_1_16' title="bbox 619 4092 1045 4100">
     <span class='ocr_line' id='line_1_42' title="bbox 619 4092 1045 4100; baseline 0 1234"><span class='ocrx_word' id='word_1_302' title='bbox 619 4092 1045 4100; x_wconf 95' lang='lat' dir='ltr'> </span> 
     </span>
    </p>
   </div>
   <div class='ocr_carea' id='block_1_12' title="bbox 620 4141 3131 4496">
    <p class='ocr_par' dir='ltr' id='par_1_17' title="bbox 620 4141 3131 4496">
     <span class='ocr_line' id='line_1_43' title="bbox 800 4141 3131 4229; baseline 0.001 -19"><span class='ocrx_word' id='word_1_303' title='bbox 800 4160 853 4226; x_wconf 90' lang='grc'>1)</span> <span class='ocrx_word' id='word_1_304' title='bbox 891 4158 1036 4214; x_wconf 89' lang='lat' dir='ltr'>Hinc</span> <span class='ocrx_word' id='word_1_305' title='bbox 1073 4141 1564 4229; x_wconf 44' lang='lat' dir='ltr'>quae&#39;sequuntur</span> <span class='ocrx_word' id='word_1_306' title='bbox 1603 4157 1906 4213; x_wconf 77' lang='lat' dir='ltr'>distantias</span> <span class='ocrx_word' id='word_1_307' title='bbox 1944 4156 2292 4211; x_wconf 87' lang='lat' dir='ltr'>emetiendas</span> <span class='ocrx_word' id='word_1_308' title='bbox 2344 4174 2467 4213; x_wconf 87' lang='lat' dir='ltr'>esse</span> <span class='ocrx_word' id='word_1_309' title='bbox 2507 4160 2707 4228; x_wconf 89' lang='lat' dir='ltr'>sponte</span> <span class='ocrx_word' id='word_1_310' title='bbox 2743 4160 2920 4227; x_wconf 82' lang='lat' dir='ltr'>patet,</span> <span class='ocrx_word' id='word_1_311' title='bbox 2960 4159 3131 4228; x_wconf 88' lang='lat' dir='ltr'>quod,</span> 
     </span>
     <span class='ocr_line' id='line_1_44' title="bbox 621 4245 3130 4315; baseline 0.001 -17"><span class='ocrx_word' id='word_1_312' title='bbox 621 4261 961 4315; x_wconf 83' lang='lat' dir='ltr'>quamquam</span> <span class='ocrx_word' id='word_1_313' title='bbox 997 4247 1205 4302; x_wconf 84' lang='lat' dir='ltr'>iustam</span> <span class='ocrx_word' id='word_1_314' title='bbox 1252 4265 1479 4303; x_wconf 86' lang='lat' dir='ltr'>causam</span> <span class='ocrx_word' id='word_1_315' title='bbox 1523 4264 1638 4302; x_wconf 90' lang='lat' dir='ltr'>non</span> <span class='ocrx_word' id='word_1_316' title='bbox 1683 4247 2108 4312; x_wconf 85' lang='lat' dir='ltr'>intellexerunt,</span> <span class='ocrx_word' id='word_1_317' title='bbox 2162 4246 2314 4301; x_wconf 88' lang='lat' dir='ltr'>recte</span> <span class='ocrx_word' id='word_1_318' title='bbox 2361 4246 2554 4301; x_wconf 79' lang='lat' dir='ltr'>tamen</span> <span class='ocrx_word' id='word_1_319' title='bbox 2599 4245 2856 4301; x_wconf 88' lang='lat' dir='ltr'>fecerunt</span> <span class='ocrx_word' id='word_1_320' title='bbox 2891 4247 3130 4302; x_wconf 88' lang='lat' dir='ltr'>Mueller</span> 
     </span>
     <span class='ocr_line' id='line_1_45' title="bbox 620 4333 3126 4406; baseline 0.002 -18"><span class='ocrx_word' id='word_1_321' title='bbox 620 4336 784 4404; x_wconf 77' lang='lat' dir='ltr'>(prol.</span> <span class='ocrx_word' id='word_1_322' title='bbox 822 4354 877 4404; x_wconf 90' lang='lat' dir='ltr'>p.</span> <span class='ocrx_word' id='word_1_323' title='bbox 906 4334 1082 4406; x_wconf 90' lang='lat' dir='ltr'>XXV)</span> <span class='ocrx_word' id='word_1_324' title='bbox 1118 4337 1177 4390; x_wconf 91' lang='lat' dir='ltr'>et</span> <span class='ocrx_word' id='word_1_325' title='bbox 1203 4336 1472 4391; x_wconf 85' lang='lat' dir='ltr'>Vivienus</span> <span class='ocrx_word' id='word_1_326' title='bbox 1510 4336 1580 4390; x_wconf 90' lang='lat' dir='ltr'>de</span> <span class='ocrx_word' id='word_1_327' title='bbox 1611 4337 1690 4391; x_wconf 85' lang='lat' dir='ltr'>St.</span> <span class='ocrx_word' id='word_1_328' title='bbox 1720 4333 1931 4388; x_wconf 80' lang='lat' dir='ltr'>Martia</span> <span class='ocrx_word' id='word_1_329' title='bbox 1969 4352 2022 4403; x_wconf 90' lang='lat' dir='ltr'>p.</span> <span class='ocrx_word' id='word_1_330' title='bbox 2055 4340 2177 4391; x_wconf 85' lang='lat'>401.</span> <span class='ocrx_word' id='word_1_331' title='bbox 2255 4334 2463 4390; x_wconf 88' lang='lat' dir='ltr'>Contra</span> <span class='ocrx_word' id='word_1_332' title='bbox 2489 4333 2585 4389; x_wconf 82' lang='lat' dir='ltr'>vix</span> <span class='ocrx_word' id='word_1_333' title='bbox 2623 4337 2724 4404; x_wconf 86' lang='lat' dir='ltr'>est,</span> <span class='ocrx_word' id='word_1_334' title='bbox 2765 4354 2863 4390; x_wconf 85' lang='lat' dir='ltr'>cur</span> <span class='ocrx_word' id='word_1_335' title='bbox 2899 4353 3126 4392; x_wconf 83' lang='lat' dir='ltr'>monea-</span> 
     </span>
     <span class='ocr_line' id='line_1_46' title="bbox 621 4422 3127 4496; baseline 0.001 -20"><span class='ocrx_word' id='word_1_336' title='bbox 621 4441 762 4492; x_wconf 87' lang='lat' dir='ltr'>mus,</span> <span class='ocrx_word' id='word_1_337' title='bbox 800 4425 1042 4494; x_wconf 85' lang='lat' dir='ltr'>turpiter</span> <span class='ocrx_word' id='word_1_338' title='bbox 1077 4426 1269 4495; x_wconf 85' lang='lat' dir='ltr'>lapsos</span> <span class='ocrx_word' id='word_1_339' title='bbox 1308 4441 1430 4480; x_wconf 89' lang='lat' dir='ltr'>esse</span> <span class='ocrx_word' id='word_1_340' title='bbox 1470 4441 1584 4494; x_wconf 89' lang='lat' dir='ltr'>eos,</span> <span class='ocrx_word' id='word_1_341' title='bbox 1622 4425 1722 4494; x_wconf 88' lang='lat' dir='ltr'>qui</span> <span class='ocrx_word' id='word_1_342' title='bbox 1758 4443 1792 4478; x_wconf 89' lang='lat' dir='ltr'>a</span> <span class='ocrx_word' id='word_1_343' title='bbox 1830 4422 2001 4479; x_wconf 92' lang='lat' dir='ltr'>fluvio</span> <span class='ocrx_word' id='word_1_344' title='bbox 2038 4423 2447 4480; x_wconf 81' lang='lat' dir='ltr'>crocodilorum</span> <span class='ocrx_word' id='word_1_345' title='bbox 2482 4426 2652 4494; x_wconf 90' lang='lat' dir='ltr'>pleno</span> <span class='ocrx_word' id='word_1_346' title='bbox 2679 4428 3007 4496; x_wconf 89' lang='lat' dir='ltr'>computum</span> <span class='ocrx_word' id='word_1_347' title='bbox 3042 4426 3127 4480; x_wconf 83' lang='lat' dir='ltr'>in-</span> 
     </span>
    </p>
   </div>
   <div class='ocr_carea' id='block_1_13' title="bbox 622 4511 3127 4673">
    <p class='ocr_par' dir='ltr' id='par_1_18' title="bbox 622 4511 3127 4673">
     <span class='ocr_line' id='line_1_47' title="bbox 622 4511 3127 4585; baseline 0.002 -19"><span class='ocrx_word' id='word_1_348' title='bbox 622 4511 954 4580; x_wconf 84' lang='lat' dir='ltr'>stituebant,</span> <span class='ocrx_word' id='word_1_349' title='bbox 991 4530 1157 4581; x_wconf 90' lang='lat' dir='ltr'>quem</span> <span class='ocrx_word' id='word_1_350' title='bbox 1194 4529 1438 4568; x_wconf 89' lang='lat' dir='ltr'>errorem</span> <span class='ocrx_word' id='word_1_351' title='bbox 1491 4514 1853 4583; x_wconf 85' lang='lat' dir='ltr'>praeiverunt</span> <span class='ocrx_word' id='word_1_352' title='bbox 1888 4512 2119 4569; x_wconf 82' lang='lat' dir='ltr'>Entzius</span> <span class='ocrx_word' id='word_1_353' title='bbox 2158 4518 2232 4584; x_wconf 91' lang='lat' dir='ltr'>(p.</span> <span class='ocrx_word' id='word_1_354' title='bbox 2264 4517 2355 4585; x_wconf 87' lang='grc'>39)</span> <span class='ocrx_word' id='word_1_355' title='bbox 2393 4517 2451 4569; x_wconf 88' lang='lat' dir='ltr'>et</span> <span class='ocrx_word' id='word_1_356' title='bbox 2485 4515 2607 4569; x_wconf 86' lang='lat' dir='ltr'>Mer</span> <span class='ocrx_word' id='word_1_357' title='bbox 2643 4530 2747 4569; x_wconf 90' lang='lat' dir='ltr'>nec</span> <span class='ocrx_word' id='word_1_358' title='bbox 2789 4517 2926 4571; x_wconf 87' lang='lat' dir='ltr'>satis</span> <span class='ocrx_word' id='word_1_359' title='bbox 2963 4531 3127 4571; x_wconf 85' lang='lat' dir='ltr'>cave-</span> 
     </span>
     <span class='ocr_line' id='line_1_48' title="bbox 624 4600 1638 4673; baseline 0.002 -18"><span class='ocrx_word' id='word_1_360' title='bbox 624 4603 757 4655; x_wconf 86' lang='lat' dir='ltr'>runt</span> <span class='ocrx_word' id='word_1_361' title='bbox 793 4600 895 4655; x_wconf 89' lang='lat' dir='ltr'>alii</span> <span class='ocrx_word' id='word_1_362' title='bbox 934 4601 1022 4670; x_wconf 89' lang='lat' dir='ltr'>(cf.</span> <span class='ocrx_word' id='word_1_363' title='bbox 1064 4601 1372 4658; x_wconf 84' lang='lat' dir='ltr'>Scharnick</span> <span class='ocrx_word' id='word_1_364' title='bbox 1408 4621 1462 4673; x_wconf 89' lang='lat' dir='ltr'>p.</span> <span class='ocrx_word' id='word_1_365' title='bbox 1494 4606 1638 4672; x_wconf 87' lang='grc'><strong><em>398).</em></strong></span> 
     </span>
    </p>
   </div>
  </div>
 </body>
</html>
