3467 5334
571 398 702 465 104
1679 395 1865 466 Caput
1899 396 1968 454 II.

572 567 801 628 essent.
902 560 1073 626 Dein
1135 582 1286 625 vero
1353 563 1629 643 quantae
1695 560 1954 644 saepius
2017 561 2101 624 ab
2169 560 2260 625 eis
2326 564 2588 625 ornatae
2644 559 2775 625 sint
2831 546 3084 644 classeS‚

574 670 718 756 quis
774 667 1031 747 nescit?
1128 666 1222 732 Ut
1285 688 1490 750 pauca
1552 689 1793 750 ponam
1857 667 2154 751 exempla
2210 666 2729 732 dubitationibus
2782 689 2916 731 non
2971 667 3083 731 ob-

572 776 768 842 noxia
814 814 897 822 --
944 797 1096 840 nam
1149 794 1635 857 nonnumquam
1692 772 1945 837 numeri
2002 772 2110 861 (cf.
2158 773 2346 839 Diod.
2393 773 2487 838 XI
2526 775 2583 860 1,
2620 775 2733 858 21,
2777 772 2932 839 XIV
2969 771 3086 860 54)

571 884 758 949 nimii
814 886 965 948 sunt
1021 903 1214 966 quam
1263 883 1337 945 ut
1390 879 1550 943 fides
1608 878 1700 943 eis
1755 879 2071 943 habeatur
2117 919 2201 926 —
2250 903 2417 945 anno
2465 882 2593 945 409
2640 878 2973 944 Hannibal
3018 881 3088 944 in

579 990 864 1056 Siciliam
909 987 1342 1074 proficiscitur
1389 988 1474 1052 60
1518 985 1796 1050 navibus
1832 985 2046 1072 longis
2085 990 2150 1050 et
2191 988 2364 1053 1500
2401 985 2710 1052 onerariis
2752 985 2860 1074 (cf.
2900 986 3086 1052 Diod.

574 1095 729 1162 XIII
766 1094 882 1183 54)
899 1092 967 1181 1),
1011 1116 1179 1159 anno
1226 1095 1357 1159 406
1402 1091 1738 1157 Hannibal
1784 1095 1848 1156 et
1893 1091 2175 1157 Himilco
2224 1094 2448 1159 eodem
2494 1114 2712 1158 secum
2759 1093 3090 1158 abducunt

581 1207 708 1272 120
753 1225 948 1267 naves
994 1201 1224 1286 longas
1271 1204 1337 1264 et
1387 1201 1559 1265 1000
1606 1198 1931 1264 onerarias
1977 1199 2085 1288 (cf.
2132 1200 2318 1265 Diod.
2364 1193 2519 1265 XIII
2557 1200 2671 1286 80)
2686 1197 2766 1287 ²),
2814 1199 3089 1284 denique

577 1331 743 1375 anno
792 1311 922 1375 396
970 1308 1177 1372 eidem
1222 1306 1576 1372 Himilconi
1621 1309 1754 1373 400
1800 1307 2033 1393 longae
2086 1311 2151 1371 et
2198 1310 2330 1373 600
2376 1307 2714 1372 onerariae
2749 1307 3093 1372 traduntur

578 1416 686 1505 (cf.
733 1415 919 1480 Diod.
965 1413 1121 1480 XIV
1158 1412 1275 1501 54)
1288 1412 1358 1501 3).
1448 1412 1587 1479 Nec
1632 1413 1913 1478 minores
1961 1413 2194 1479 classes
2242 1413 2499 1498 saepius
2545 1413 2741 1478 etiam
2786 1413 2856 1478 in
2900 1414 3093 1480 Puni-

577 1524 670 1589 cis
731 1545 892 1608 quae
950 1522 1251 1587 dicuntur
1305 1514 1497 1586 bellis
1549 1544 1586 1585 a
1632 1519 2280 1606 Carthaginiensibus
2336 1525 2588 1586 coactas
2644 1543 2781 1586 esse
2837 1544 2939 1586 res
2995 1526 3094 1586 est

580 1629 933 1696 notissima.

756 1735 894 1801 Iam
946 1758 1098 1801 vero
1156 1735 1372 1800 omnia
1429 1757 1591 1820 quae
1648 1735 1728 1798 ad
1772 1733 2113 1799 Hannonis
2168 1734 2435 1799 titulum
2486 1733 2939 1819 explicandum
2986 1735 3096 1799 ali-

582 1865 775 1929 quam
812 1843 945 1908 vim
980 1843 1227 1907 habent
1266 1842 1611 1926 explanata
1650 1865 1787 1906 esse
1827 1840 2154 1906 existimo:
2192 1841 2259 1905 id
2295 1833 2495 1906 unum
2538 1863 2774 1925 operae
2811 1841 3096 1926 pretium

578 1951 833 2016 videtur
870 1949 1207 2036 stringere,
1244 1971 1401 2013 num
1437 1948 1693 2013 aliunde
1733 1949 1810 2013 de
1838 1948 2156 2013 Hannone
2185 1948 2580 2013 accuratiora
2609 1948 3096 2033 comperiamus,

579 2057 672 2122 At
734 2058 975 2121 frustra
1039 2060 1201 2141 puto
1268 2078 1531 2141 operam
1596 2061 2030 2143 conteremus3
2092 2056 2243 2121 nolo
2310 2056 2483 2120 enim
2547 2077 2692 2120 cum
2755 2054 3097 2122 Schaefero

582 2166 649 2250 (l.
697 2165 737 2229 l.
795 2188 857 2249 p.
898 2160 1086 2250 397),
1139 2163 1446 2227 Meltzero
1505 2162 1597 2251 (p.
1646 2165 1795 2228 228.
1853 2160 2041 2248 504),
2098 2161 2542 2227 Gutschmidio
2556 2159 2610 2249 4)
2668 2162 3100 2247 expeditionis

582 2273 810 2337 ducem
865 2292 1011 2335 cum
1063 2270 1327 2334 leonum
1381 2269 1494 2334 illo
1552 2269 1896 2353 domitore,
1952 2270 2029 2333 de
2078 2291 2204 2354 quo
2265 2269 2518 2334 Plinius
2574 2267 2758 2357 (VIII
2805 2271 2916 2355 16,
2964 2268 3100 2357 55),

582 2378 970 2443 Plutarchus
1017 2375 1256 2464 (praec.
1302 2375 1397 2441 rei
1443 2399 1506 2461 p.
1545 2397 1677 2462 ger.
1715 2374 1811 2440 I[[
1845 2400 1908 2460 p.
1947 2372 2131 2462 211),
2175 2373 2486 2440 Aelianus
2534 2375 2709 2459 (hist.
2747 2397 2846 2440 an.
2883 2375 2947 2441 V
2982 2373 3101 2463 39)

585 2488 875 2569 narrant,
931 2482 1250 2567 componi.
1342 2482 1646 2547 Traditur
1700 2483 1922 2547 eadem
1969 2483 2191 2547 fabula
2238 2483 2315 2547 de
2366 2482 2774 2548 Hasdrubale
2823 2484 3102 2568 quodam

585 2590 694 2679 (cf.
736 2588 931 2654 schol.
962 2588 1043 2653 ad
1069 2588 1238 2653 Max.
1268 2588 1416 2674 Tyr.
1457 2588 1603 2654 diss,
1631 2588 1695 2653 H
1733 2587 1807 2676 3)
1845 2592 2042 2673 atque
2077 2589 2401 2654 Maximus
2437 2589 2672 2674 Tyrius
2709 2590 2790 2654 ad
2825 2594 3101 2656 νεανίαν

585 2698 1053 2782 Καρχηδόνιον
1107 2695 1323 2760 1163610
1382 2717 1574 2780 quem
1621 2717 1764 2759 eam
1809 2699 2092 2781 revocat3
2147 2696 2366 2781 itaque
2413 2700 2635 2780 aperte
2681 2697 2841 2762 haec
2888 2698 3104 2763 omnia

585 2805 712 2870 fide
766 2801 1077 2868 historica
1142 2806 1361 2867 carent
1405 2824 1614 2886 neque
1664 2801 1839 2867 aliud
1896 2801 2051 2887 quid
2096 2805 2236 2866 tota
2281 2804 2423 2881 ista,
2460 2803 2745 2869 narratio
2794 2809 2919 2889 est,
2973 2804 3102 2870 nisi

585 2912 808 2977 fabula
865 2910 1177 2996 quaedam
1232 2909 1642 2995 aetiologica‚
1708 2930 1836 2992 qua
1891 2909 2107 2994 gentis
2163 2910 2493 2975 cuiusdam
2550 2908 3106 2998 Carthaginiensis

587 3039 945 3105 cognomen
1000 3016 1374 3101 explicetur.
1405 3086 1418 3099 ,
1476 3016 1721 3080 Eadem
1767 3014 1925 3080 haec
1981 3016 2263 3100 suspicio
2311 3021 2465 3082 nata
2511 3021 2609 3082 est
2657 3016 3102 3083 Gutschmidio

586 3124 695 3212 (cf.
733 3124 774 3188 l.
803 3124 844 3188 l.
883 3147 945 3208 p.
977 3124 1063 3188 84
1099 3122 1241 3187 adn.
1275 3119 1343 3207 1)
1380 3123 1456 3187 de
1495 3121 1692 3186 simili
1730 3122 1989 3207 fabella,
2029 3146 2222 3207 quam
2247 3123 2558 3189 Aelianus
2598 3129 2683 3208 (v.
2712 3125 2773 3188 h.
2803 3123 2959 3190 XIV
2989 3124 3105 3212 30)

590 3232 666 3296 de
703 3230 1021 3295 Hannone
1059 3229 1275 3296 avium
1320 3229 1636 3294 domitore
1675 3229 1891 3315 refert,
1927 3230 2251 3297 Maximus
2283 3231 2516 3317 Tyrius
2555 3230 2733 3319 ((1133.
2762 3231 3007 3297 XXXV
3033 3236 3106 3318 43

589 3340 665 3403 cf.
716 3337 911 3402 schol.
966 3337 1048 3401 ad
1101 3335 1246 3402 Dio.
1314 3335 1537 3422 Chrys
1605 3335 1637 3401 Ι
1667 3335 1711 3402 S
1769 3335 1842 3403 3ὁὶ
1870 3334 1988 3423 Μ.)
2053 3337 2130 3402 de
2188 3337 2529 3422 Apsepha‚
2592 3337 2873 3423 Libyum
2926 3361 3106 3425 rege:

586 3446 767 3510 vides
822 3466 901 3508 ex
948 3443 1093 3527 ipsa
1137 3443 1469 3509 relationis
1514 3443 1966 3528 inconstantia,
2014 3448 2328 3528 quantum
2373 3445 2617 3508 talibus
2662 3445 2856 3531 nugis
2902 3446 3106 3512 tribu·

590 3553 826 3617 endum
882 3550 983 3615 sit.
1074 3548 1214 3617 Nec
1267 3551 1517 3616 firmius
1571 3550 1834 3615 illorum
1880 3549 2172 3634 opinioni
2221 3550 2616 3635 praesidium
2660 3551 2980 3635 repetitur
3027 3576 3107 3618 ex

590 3656 861 3724 Diodori
909 3654 1064 3721 XIII
1100 3657 1213 3722 43:
1269 3679 1420 3722 sane
1474 3678 1556 3722 ne
1612 3678 1734 3743 ego
1794 3656 2052 3741 quidem
2107 3679 2325 3722 veram
2381 3680 2518 3723 esse
2575 3657 2858 3722 arbitror
2914 3682 3108 3743 quam

588 3764 911 3829 Diodorus
954 3764 1141 3828 affert
1178 3786 1452 3850 causam,
1490 3787 1604 3830 cur
1630 3762 1831 3850 Gisgo
1872 3763 2251 3849 exulaverit3
2293 3765 2405 3829 sed
2450 3787 2611 3849 quae
2649 3764 2846 3829 fuerit
2882 3767 3110 3850 nequit

593 3868 917 3935 constitui.
996 3869 1125 3933 Cur
1159 3892 1310 3936 vero
1348 3869 1723 3935 Aristotelis
1760 3870 1960 3934 verba
1997 3870 2212 3957 (polit.
2249 3871 2313 3937 V
2353 3875 2387 3936 7
2438 3895 2500 3955 p.
2544 3873 2713 3936 1309
2737 3894 2775 3935 a
2820 3876 2886 3937 et
2924 3872 2985 3937 V
3027 3876 3107 3939 12

596 3999 658 4060 p.
703 3976 871 4040 1316
893 3973 960 4061 a)
1005 3999 1138 4041 non
1184 3977 1264 4040 ad
1308 3978 1694 4042 Hannonem
1741 3976 2052 4063 Magnum
2098 3977 2492 4042 revocaverit
2539 3977 2869 4064 Schaefer‚
2917 4004 3110 4065 quem

592 4104 867 4170 regnum
914 4080 1266 4166 appetiisse
1314 4087 1567 4149 constat
1613 4083 1721 4170 (cf.
1765 4081 1989 4148 Iustin.
2022 4082 2177 4147 XXI
2204 4085 2272 4167 43
2319 4085 2396 4149 cf.
2434 4084 2619 4150 XXH
2659 4089 2713 4151 7.
2757 4085 2888 4173 10),
2934 4088 3109 4173 equi-

592 4191 739 4255 dem
810 4212 945 4255 11011
1014 4210 1337 4274 assequor.
1446 4190 1520 4257 Id
1589 4189 1800 4255 solum
1862 4189 2097 4275 habet,
2169 4211 2283 4255 cur
2346 4190 2508 4256 mihi
2571 4192 2825 4277 placeat
2842 4243 2861 4278 ,
2936 4195 3108 4279 quod

771 4369 823 4432 1)
862 4365 930 4421 cf.
970 4364 1205 4419 Meltzer
1240 4384 1295 4435 p.
1325 4373 1446 4421 258.

771 4455 826 4523 2)
866 4452 936 4508 cf.
976 4452 1207 4508 Meltzer
1243 4473 1296 4523 p.
1328 4459 1431 4508 268
1455 4471 1537 4522 sq.

776 4544 830 4612 3)
869 4540 939 4598 cf.
976 4540 1213 4597 Meltzer
1248 4560 1303 4612 p.
1334 4548 1455 4598 291.

779 4634 834 4701 4)
873 4630 1072 4687 Kleine
1108 4630 1388 4700 Schriften
1425 4634 1512 4688 ed.
1550 4632 1733 4687 Ruehl
1769 4633 1820 4688 ΙΙ
1857 4651 1911 4703 p.
1944 4639 2028 4689 84.
