3467 5334
505 415 636 481 132
1604 413 1791 485 Caput
1822 412 1920 469 m.

501 580 579 645 fr.
627 580 709 645 21
758 576 921 665 K.¹),
983 582 1205 644 tamen
1267 581 1469 643 certo-
1508 576 1653 643 loco
1718 599 1940 642 earum
2003 576 2400 644 domicilium
2464 581 2617 663 post
2678 576 3021 644 Hannonis

502 687 761 752 demum
796 685 1126 771 periplum
1161 684 1428 771 eiusque
1464 683 1709 750 auxilio
1746 684 2080 772 tribuitur,
2114 684 2319 751 veluti
2346 684 2522 769 apud
2542 683 3021 770 Palaephatum

495 792 769 882 (incred.
827 791 1114 880 XXXII)
1164 792 1478 879 Phorcyis
1536 792 1709 857 filiae
1752 794 2016 858 οἰκοῦσι
2077 802 2288 877 νῆσον
2348 793 2473 876 τὴν
2517 795 2843 877 Κυρήνην
2897 792 3018 872 ἔξω

504 894 717 966 οὖσαν
771 910 906 965 τῶν
949 899 1363 986 *Ηρακλείων
1416 904 1704 984 στηλῶν.
1798 898 1968 964 Dein
2020 921 2174 965 vero
2229 921 2269 965 a
2322 898 2800 985 posterioribus
2862 898 3018 967 Gor-

506 1005 747 1094 gadum
790 1006 1040 1072 insulae
1053 1003 1106 1093 ²)
1151 1007 1347 1094 vulgo
1396 1008 1822 1092 opponuntur
1865 1004 2184 1091 Hesperio
2233 1005 2472 1072 Cornui
2515 1045 2590 1055 -
2631 1030 2785 1072 nam
2829 1006 3021 1072 anxie

503 1112 845 1179 Hannonis
915 1114 1091 1179 notis
1162 1137 1295 1180 non
1367 1112 1919 1179 adhaerescebant
1960 1151 2048 1161 —-
2094 1112 2206 1201 (cf.
2260 1112 2433 1178 Mela
2486 1112 2606 1200 ΙΠ,
2658 1115 2763 1180 99.
2851 1113 3020 1180 Plin.

502 1219 598 1286 VI
625 1223 730 1305 31,
759 1223 908 1287 200.
955 1219 1154 1287 Solin.
1193 1222 1343 1287 229.
1382 1222 1514 1287 230
1541 1217 1677 1307 M).
1757 1219 2003 1287 Verum
2041 1242 2262 1286 earum
2297 1220 2499 1286 situm
2535 1219 2754 1306 aliqua
2789 1221 3022 1287 saltem

506 1350 585 1392 ex
632 1331 819 1412 parte
865 1350 1033 1393 unus
1077 1327 1349 1394 retinuit
1393 1327 1583 1412 Mela,
1629 1327 1742 1413 qui
1789 1326 1898 1417 (cf.
1944 1326 2056 1413 m,
2103 1325 2222 1414 93)
2267 1314 2449 1392 ultra
2475 1327 2703 1393 Theon
2738 1326 3023 1393 Ochema

504 1438 794 1501 montem
838 1436 1231 1502 famosarum
1274 1433 1660 1500 feminarum
1705 1434 1984 1500 insulam
2030 1432 2302 1518 reperiri
2348 1433 2633 1499 tradidit.
2724 1434 3022 1521 Denique

504 1565 683 1608 mera
726 1546 1016 1608 monstra
1058 1547 1282 1609 narrat
1327 1547 1394 1607 et
1439 1545 1745 1627 portenta
1788 1541 2081 1626 loquitur
2124 1541 2449 1607 Diodorus
2491 1539 2588 1606 Π]
2640 1543 2703 1627 4,
2739 1542 2853 1629 52,
2910 1543 3022 1626 qui

501 1649 838 1737 Gorgones
892 1654 1155 1737 gentem
1200 1650 1448 1735 Libyae
1504 1647 1920 1715 occidentalis
1974 1649 2177 1714 fuisse
2231 1651 2554 1734 autumat,
2607 1671 2741 1715 non
2792 1650 3023 1735 procul

502 1756 796 1822 dissitam
842 1758 926 1825 ab
973 1756 1415 1823 Amazonibus
1461 1758 1528 1821 et
1574 1777 1721 1821 cum
1766 1755 1871 1821 his
1928 1753 2443 1843 belligerantem.
2532 1754 2774 1821 Contra
2826 1756 2896 1825 id
2940 1779 3023 1822 ex

502 1863 647 1949 ipsa
710 1863 970 1928 fabulae
1030 1868 1264 1929 natura
1327 1862 1774 1949 consequitur,
1835 1863 2145 1929 Perseum
2208 1885 2357 1929 cum
2414 1861 2834 1950 Gorgonibus
2895 1863 3024 1929 huc

500 1968 995 2057 transmigrasse
1032 1968 1141 2059 (cf.
1178 1971 1484 2057 Palaeph.
1518 1971 1621 2037 1.1.
1661 1970 1854 2036 Diod.
1879 1969 1975 2036 H]
2012 1971 2126 2057 55,
2155 1973 2215 2038 3.
2280 1969 2446 2036 Plin.
2482 1969 2548 2036 V
2586 1973 2643 2054 1,
2683 1972 2772 2055 7).
2844 1970 3021 2048 Quae

503 2075 913 2145 ratiocinatio
941 2076 998 2142 si
1036 2077 1576 2162 probabilitatem
1613 2078 1835 2163 habet,
1872 2080 2107 2163 sponte
2142 2076 2551 2164 intellegitur
2585 2077 2845 2143 inanem
2884 2101 3023 2144 esse

503 2206 645 2249 eam
709 2183 1171 2271 coniecturam,
1245 2208 1440 2271 quam
1513 2184 1886 2269 nuperrime
1949 2183 2229 2268 protulit
2293 2182 2562 2250 Carolus
2623 2183 2956 2270 Tuempel.
2969 2184 3024 2274 3)

503 2291 569 2357 Is
613 2290 789 2356 enim
831 2291 999 2355 hanc
1035 2291 1225 2376 ponit
1262 2290 1678 2358 sententiam:
1719 2291 1736 2318 ‘
1750 2290 2039 2357 Rhodier
2075 2291 2221 2356 sind
2254 2313 2328 2357 es
2363 2290 2531 2356 auch
2565 2291 3023 2357 nachweislich

504 2419 828 2485 gewesen,
889 2397 1133 2462 welche
1192 2397 1296 2463 die
1363 2398 1530 2485 Sage
1591 2419 1722 2463 von
1774 2395 2051 2463 Perseus
2113 2397 2248 2463 und
2313 2397 2438 2463 den
2496 2396 2846 2485 Gorgonen
2907 2421 3024 2464 aus

504 2503 821 2569 Kisthene
882 2504 1052 2569 nach
1116 2503 1262 2569 dem
1318 2503 1699 2569 westlichen
1753 2502 1934 2568 Meer
1990 2503 2471 2588 verpflanzten.'
2562 2502 2701 2569 Iam
2763 2508 2839 2570 ut
2898 2505 3024 2572 hoc

509 2610 911 2676 demonstret
957 2609 1039 2674 ad
1084 2609 1249 2675 mira
1292 2609 1537 2696 refugit
1585 2612 1977 2675 commentat
2021 2614 2281 2676 revocat
2315 2609 2701 2695 Palaephati
2745 2611 3024 2677 insulam

505 2716 627 2797 ἔξω
687 2711 901 2782 οὖσαν
954 2728 1091 2783 τῶν
1134 2715 1551 2803 ‘Hpoexlst'mv
1604 2722 1869 2801 στηλῶν
1914 2716 1997 2781 ad
2051 2739 2228 2783 mare
2283 2717 2638 2804 internum3
2690 2719 3026 2803 componit

507 2847 684 2890 mare
737 2823 1146 2890 Atlanticum
1209 2847 1357 2891 cum
1409 2824 1774 2910 Tyrrheno,
1829 2816 2222 2909 Sarpedonis
2284 2825 2565 2890 insulam
2619 2824 2695 2891 ἐν
2750 2824 3024 2914 ὠκεανῷ

507 2934 850 3017 βαθυδίνῃ
896 2929 1006 3019 (cf.
1051 2932 1258 3018 Kypr.
1304 2932 1382 2997 fr.
1430 2934 1515 2997 21
1564 2927 1675 3017 Κ.)
1730 2952 1879 2995 cum
1924 2929 2235 2997 Sardinia.
2326 2931 2665 2998 Postremo
2712 2930 2796 2997 ad
2850 2937 3023 2998 exte-

507 3062 647 3106 ram
691 3061 1076 3125 progressus
1122 3061 1319 3124 oram,
1364 3042 1439 3105 ut
1483 3037 1590 3105 hic
1627 3036 1919 3103 Rhodios
1965 3037 2251 3104 colonias
2294 3037 2660 3111 condidisse
2705 3039 3026 3123 ostendat,

511 3147 969 3212 documentum
1037 3147 1227 3212 affert
1299 3169 1477 3212 aram
1548 3145 1729 3211 illam
1792 3146 1877 3210 ab
1942 3145 2259 3211 Hannone
2326 3145 2651 3231 quondam
2711 3145 3027 3232 Neptuno

511 3256 893 3338 extructam,
956 3275 1104 3319 cum
1159 3253 1357 3320 dicat:
1421 3253 1706 3319 ‘Pseudo
1719 3252 1986 3338 -Scylax
2049 3254 2343 3319 erwahnt
2395 3252 2503 3319 bei
2556 3251 2636 3342 (Ξ)
2689 3253 2804 3319 der
2854 3252 3029 3319 Insel

507 3361 722 3426 Kerne
769 3360 959 3426 einen
1001 3358 1193 3426 Altar
1236 3361 1350 3426 des
1394 3359 1715 3426 Poseidon
1760 3359 1966 3448 (wohl
2008 3361 2107 3425 als
2152 3359 2394 3427 Gatten
2438 3360 2553 3426 der
2596 3358 2874 3448 Gorgo)3
2922 3360 3027 3426 die

509 3466 805 3554 zugleich
861 3467 1297 3553 angefiihrten
1340 3466 1889 3553 „Daidalischen“
1933 3466 2439 3555 Darstcllungen
2481 3489 2619 3539 von.
2656 3467 3030 3553 Delphinen

511 3578 630 3641 etc.
660 3573 807 3640 sind
833 3573 940 3638 ein
966 3572 1215 3639 Beweis
1243 3573 1683 3661 griechischer
1707 3572 2155 3660 Besiedelung.
2168 3572 2278 3662 (θ’
2352 3574 2477 3640 Sed
2504 3573 2666 3640 satis
2702 3596 3028 3660 superque

511 3683 590 3748 de
653 3681 758 3747 his
819 3681 1041 3768 nugis!
1111 3681 1278 3768 Nos,
1351 3680 1611 3767 opinor,
1671 3681 2231 3766 perseverabimus
2304 3680 2621 3767 profiteri,
2685 3680 3024 3747 Hannonis

511 3787 845 3855 itinerario
892 3789 1309 3876 mythologos
1355 3787 1632 3856 Graecos
1677 3787 1989 3854 adductos
2049 3811 2216 3874 esse,
2261 3792 2337 3855 ut
2379 3791 2717 3854 narrarent
2762 3787 3029 3855 Herculi

516 3900 584 3963 et
627 3895 865 3962 Perseo
912 3896 984 3963 in
1028 3896 1410 3964 occidentali
1455 3895 1669 3981 Libya
1712 3896 2034 3963 laborata!

691 4093 747 4162 1)
784 4089 854 4146 cf.
893 4089 983 4146 W.
1020 4090 1091 4148 H.
1128 4090 1393 4160 Rosam,
1448 4090 1560 4147 Die
1599 4089 1893 4162 Gorgonem
1925 4093 2048 4149 und
2097 4091 2444 4147 Verwandtes
2499 4095 2637 4147 1879
2674 4110 2731 4161 p.
2770 4097 2856 4148 23.
2895 4108 3022 4161 sqq.

690 4184 745 4250 2)
783 4178 1072 4250 Gorgades
1126 4197 1241 4235 non
1295 4180 1546 4236 diversas
1601 4180 1825 4237 habitas
1880 4196 2005 4235 esse
2052 4198 2087 4235 a
2131 4178 2490 4251 Gorgonibus
2544 4182 2800 4236 veterum
2863 4179 3026 4237 testi-

512 4267 717 4325 moniis
756 4269 945 4325 allatis
981 4268 1188 4340 probat
1225 4269 1589 4339 Steudingius
1624 4267 1684 4324 in
1721 4268 1992 4324 Roscheri
2030 4271 2133 4325 lex.
2170 4271 2335 4343 myth.
2375 4289 2430 4341 p.
2471 4275 2625 4327 1694.

692 4360 748 4428 3)
787 4359 899 4414 Die
942 4347 1418 4430 Ethiopenldnder
1470 4359 1564 4413 des
1607 4357 2188 4431 Andromedamy‘thos.
2262 4359 2498 4416 Studien
2550 4376 2652 4416 zur
2704 4359 3030 4415 rhodischen

516 4447 936 4504 Kolonisato‘on:
975 4448 1243 4505 Fleckeis.
1280 4465 1417 4503 mm.
1452 4448 1634 4519 ampl.
1672 4447 1804 4502 XVI
1842 4449 2030 4519 (1888)
2064 4465 2119 4519 p.
2156 4454 2264 4504 208
2301 4465 2439 4517 sqq.·
2794 4484 2801 4491 ·
