3467 5334
592 423 717 487 108
1700 422 1882 492 Caput
1917 422 1987 476 11.

590 585 1163 671 septentrionalem
1202 584 1438 650 deserti
1472 586 1684 650 finem.
1761 585 1944 662 Quod
1973 607 2121 650 vero
2163 583 2409 650 Cernen
2435 583 2591 650 VIII
2627 584 2832 650 stadia
2860 608 2898 649 a
2935 590 3108 650 terra

585 693 957 758 continente
1024 692 1314 758 dissitam
1370 692 1526 758 facit
1594 716 1673 757 ex
1728 694 1993 758 adverso
2049 691 2338 758 Atlantis
2393 692 2634 757 montis
2710 691 2984 756 dilucide
3039 691 3107 755 id

589 799 889 883 ostendit,
938 823 1103 884 eum,
1150 800 1272 864 etsi
1316 822 1451 865 non
1495 799 1689 864 nimis
1736 784 1978 864 falsum·
2010 799 2258 864 insulae
2297 798 2587 885 assignat
2626 798 2841 883 situm,
2888 802 3107 863 tamen

591 930 721 971 non
787 907 1181 993 significasse
1248 907 1539 993 eandem,
1606 929 1801 990 quam
1867 905 2189 990 quondam
2245 905 2318 971 ἐν
2373 914 2559 994 μυχῷ
2616 930 2797 981 τινος
2850 907 3106 971 κόλπου

595 1018 970 1098 reppererat
1023 1014 1259 1079 Hanno
1278 1065 1295 1099 ‚
1362 1014 1456 1079 ita
1518 1017 1593 1078 ut
1649 1012 2285 1100 Carthaginiensium
2347 1012 2598 1078 colonia
2661 1012 2790 1076 iam
2847 1012 3107 1098 Polybii

587 1121 996 1205 temporibus
1060 1122 1143 1186 ab
1204 1120 1528 1207 indigenis
1595 1120 1808 1184 diruta
1872 1120 2070 1185 fuisse
2134 1120 2443 1185 videatur.
2543 1120 2764 1186 Unum
2829 1119 3105 1205 denique

586 1232 920 1313 tamquam
992 1228 1422 1294 certissimum
1495 1227 1657 1292 addo
1676 1278 1694 1311 ,
1767 1227 2119 1313 Polybium
2188 1228 2439 1292 deserta
2502 1249 2633 1292 non
2700 1227 2908 1292 solum
2971 1250 3105 1292 non

587 1326 950 1420 superasse,
1007 1335 1119 1399 sed
1170 1356 1253 1399 ne
1309 1333 1597 1419 coepisse
1653 1334 1912 1418 quidem
1957 1335 2545 1422 praeternavigare:
2603 1335 2775 1420 quod
2821 1334 2876 1399 si
2924 1358 3106 1400 secus

588 1446 774 1527 esset,
810 1464 944 1507 non
980 1445 1116 1506 tam
1151 1441 1485 1506 horribilis
1522 1441 1754 1506 fuisset
1791 1442 2227 1527 posteriorum
2262 1444 2338 1507 de
2367 1442 2472 1507 his
2500 1442 2695 1508 terris
2719 1442 3104 1528 ignorantia.

764 1656 859 1723 Ut
932 1661 1149 1722 autem
1223 1656 1520 1722 omittam
1594 1655 1874 1721 Statium
1943 1656 2260 1723 Sebosum
2280 1709 2298 1743 ,
2373 1657 2618 1742 quippe
2696 1656 2805 1741 qui
2880 1656 3109 1721 insulis

585 1760 1002 1847 potissimum
1046 1763 1396 1828 Atlanticis
1444 1763 1858 1849 explorandis
1906 1786 2170 1848 operam
2219 1764 2575 1847 navaverit‚
2631 1785 2797 1828 unus
2852 1768 3109 1828 tantum

586 1873 816 1954 restat,
873 1870 1055 1935 cuius
1103 1892 1342 1935 nomen
1386 1869 1660 1934 historia
1707 1870 2010 1935 servavit:
2065 1870 2467 1935 Eudoxum
2514 1870 2655 1935 dico
2706 1868 3107 1955 Cyzicenum,

587 1978 664 2042 de
727 1998 855 2061 quo
922 1977 1165 2041 multus
1229 1980 1328 2041 est
1381 1976 1769 2041 Posidonius
1833 1975 1965 2064 (ap.
2010 1974 2220 2041 Strab.
2267 1975 2330 2043 H
2379 1979 2438 2064 3,
2485 1980 2528 2043 4
2575 2002 2638 2063 p.
2678 1980 2761 2044 98
2787 1975 2886 2065 ¹)).
2970 1977 3110 2055 Qua

547 2077 988 2172 'navigaverit
1043 2087 1280 2170 aetate,
1337 2087 1510 2148 certa
1573 2082 1884 2148 memoria
1940 2087 2217 2169 constat:
2284 2107 2362 2149 ex
2421 2084 2651 2149 ultimo
2700 2083 2930 2149 itinere
2975 2107 3108 2150 non

588 2192 718 2256 iam
755 2196 1125 2276 reverterat,
1163 2214 1308 2256 cum
1344 2190 1729 2255 Posidonius
1766 2189 2054 2255 Gadibus
2091 2189 2676 2278 commoraretur2).
2767 2190 2904 2257 Iam
2954 2215 3107 2258 vero

588 2321 924 2386 quousque
976 2299 1412 2384 penetraverit
1464 2297 1693 2382 nequit
1741 2296 2107 2362 coniectura
2154 2298 2404 2386 colligi:
2450 2320 2843 2385 magnopere
2890 2304 3108 2365 autem

464 2415 469 2423 '
590 2406 851 2491 dubit0,
893 2428 1051 2471 num
1096 2405 1290 2494 longe
1337 2427 1722 2492 progressus
1771 2404 1889 2489 sit:
1942 2403 2249 2468 nimirum
2294 2428 2427 2469 non
2470 2404 2749 2469 multum
2795 2405 3106 2472 dissentio

589 2537 627 2577 a
683 2512 1026 2598 Strabone,
1092 2512 1204 2597 qui
1249 2513 1663 2577 vehementer
1707 2509 2037 2575 invehitur
2082 2510 2152 2574 in
2195 2510 2643 2596 Posidonium,
2711 2513 2884 2596 quod
2928 2513 3107 2578 inani

590 2625 820 2705 captus
866 2619 1243 2684 credulitate
1279 2618 1536 2684 Eudoxi
1574 2617 1834 2683 fabellis
1874 2640 2037 2701 quae
2085 2640 2340 2682 omnem
2386 2619 2581 2683 fidem
2628 2620 2939 2685 excedant
2976 2622 3107 2685 ani-

590 2750 768 2793 mum
806 2726 1168 2792 adverterit.
1242 2727 1519 2792 Videtur
1556 2725 1728 2791 enim
1765 2725 1923 2790 mihi
1970 2748 2225 2810 quoque
2239 2724 2290 2812 3)
2329 2726 2639 2791 Eudoxus
2675 2726 2871 2792 homo
2908 2726 3107 2793 fuisse

589 2835 785 2900 variis
841 2834 1098 2900 casibus
1144 2834 1420 2899 iactatus
1428 2886 1445 2920 ‚
1489 2855 1693 2899 vanus
1740 2835 1805 2896 et
1850 2831 2243 2897 temerarius.

764 2941 869 3006 Ad
913 2942 1109 3006 finem
1154 2942 1347 3007 huius
1387 2945 1773 3025 conspectus
1809 2938 2244 3024 pervenimus:
2294 2962 2455 3024 quae
2492 2939 2749 3005 laudem
2785 2940 3106 3006 viatorum

587 3048 852 3114 nomina
913 3070 1046 3113 non
1100 3049 1229 3112 iam
1281 3048 1511 3113 habeo.
1605 3047 2008 3131 Quamquam
2061 3069 2193 3111 non
2253 3046 2580 3112 desierunt
2635 3047 3108 3131 posterioribus

589 3154 998 3240 temporibus
1058 3160 1445 3221 mercatores
1492 3159 1555 3219 et
1608 3153 2050 3240 negotiatores
2096 3152 2261 3218 hanc
2308 3158 2529 3238 petere
2577 3175 2755 3219 oram
2811 3154 2917 3243 (cf.
2964 3155 3105 3222 Ael.

591 3262 857 3328 Aristid.
895 3261 959 3326 H
1003 3286 1065 3346 p.
1104 3264 1236 3328 474
1255 3261 1382 3350 Π),
1432 3285 1624 3347 quam
1671 3260 1965 3326 fortassis
2011 3260 2207 3325 etiam
2252 3283 2419 3325 unus
2465 3261 2706 3325 alterve
2741 3261 2842 3326 vir
2880 3262 3106 3329 doctus

589 3370 770 3454 visit3
826 3392 975 3433 nam
1031 3372 1182 3434 sunt
1235 3369 1305 3434 in
1355 3368 1711 3435 Ptolemaei
1766 3367 2011 3433 tabulis
2069 3369 2406 3453 quaedam,
2465 3391 2626 3454 quae
2675 3391 2755 3432 ex
2803 3369 2896 3434 eis
2944 3393 3107 3454 quos

589 3476 780 3542 modo
828 3476 1194 3541 enumeravi
1241 3475 1618 3541 auctoribus
1654 3497 1788 3539 non
1835 3474 2168 3558 potuerint
2213 3473 2474 3539 hauriri.
2553 3474 2644 3539 At
2681 3480 2853 3541 certe
2890 3499 2973 3542 ne
3013 3479 3105 3544 eis

595 3584 853 3669 quidem
901 3582 1193 3670 contigit,
1240 3588 1313 3648 ut
1359 3582 1710 3669 praeterito
1760 3583 2011 3646 deserto
2060 3604 2222 3666 quae
2270 3582 2351 3645 ab
2402 3604 2476 3646 eo
2515 3582 2847 3649 meridiem
2883 3607 3106 3651 versus

590 3692 908 3776 patebant
964 3694 1167 3756 terras
1222 3689 1504 3776 proximi
1551 3692 1703 3774 post
1749 3687 2135 3753 Hannonem
2181 3688 2781 3776 Carthaginiensem
2827 3691 3104 3759 adirent:

593 3799 875 3864 Sakarae
935 3802 1154 3863 vastae
1211 3797 1592 3863 solitudines
1647 3794 2101 3883 gravissimum
2154 3795 2691 3881 impedimentum
2745 3797 3105 3865 intulerunt

591 3905 821 3989 nautiS,
870 3906 1042 3989 quod
1087 3910 1236 3971 ante
1283 3904 1477 3971 medii
1524 3902 1664 3967 aevi
1707 3902 2124 3987 Portugallos
2169 3902 2398 3968 vicisse
2444 3902 2585 3967 laus
2632 3908 2729 3968 est
2766 3904 3105 3972 Hannonis

589 4012 880 4098 propria!
2964 4020 2967 4025 '

774 4207 828 4275 1)
870 4205 938 4261 cf.
978 4205 1152 4274 Bake,
1190 4207 1373 4262 Posid.
1415 4208 1567 4276 reliq.
1606 4222 1660 4275 p.
1703 4210 1820 4260 101.

769 4296 824 4363 2)
863 4293 932 4351 cf.
974 4296 1189 4350 Goebel
1224 4313 1279 4365 p.
1306 4300 1391 4350 95.

769 4386 826 4453 3)
863 4383 935 4441 cf.
974 4383 1236 4439 Mannert
1268 4384 1295 4436 I
1332 4390 1384 4453 2,
1413 4389 1497 4440 25.
