3467 5334
1159 370 1241 424 De
1277 370 1572 426 Hannonis
1610 370 1731 426 vita
1768 377 1826 427 et
1862 374 2067 429 aetate.
2783 375 2865 439 87

359 537 478 599 τὸν
533 535 727 617 ἥλιον
773 537 970 618 ἔσχον
1017 532 1084 611 ἐς
1127 535 1208 598 τὰ
1256 534 1461 613 δεξιά·
1518 534 1693 599 οὕτω
1741 532 1864 619 μὲν
1910 536 2075 620 αὕτη
2124 536 2433 620 ἐγνώσθη
2482 540 2555 603 τὸ
2602 550 2869 623 πρῶτον

357 641 522 729 (scil.
575 646 968 727 περίρρυτος
1024 639 1276 741 ἐοῦσα).
1369 643 1561 707 Μετὰ
1622 638 1694 706 δὲ
1750 645 2204 728 Καρχηδόνιοι
2263 642 2388 710 είσὶ
2445 646 2515 710 οἱ
2564 645 2870 728 λέγοντες

357 749 521 835 (scil.
571 748 945 836 cognovisse
994 772 1060 813 se
1096 749 1373 833 Libyam
1421 771 1558 813 esse
1606 749 2092 838 circumfluam),
2139 750 2280 817 ἐπεὶ
2318 753 2675 836 Σατάσπης
2718 779 2790 836 γε
2831 754 2866 819 ὁ

365 857 693 933 Τεάσπιος
739 856 909 940 ἀνὴρ
943 853 1396 941 Ἀχαιμενίδης
1444 857 1525 922 οὐ
1571 856 1976 941 περιέπλωσε
2004 859 2293 943 Λιβύην,
2332 856 2428 924 ἐπ’
2467 861 2629 926 αὐτὸ
2671 870 2869 926 τοῦτο

353 967 720 1048 πεμφθείς,
785 964 950 1028 ἀλλὰ
1005 965 1229 1041 δείσας
1281 966 1355 1029 τό
1412 988 1480 1028 τε
1536 973 1743 1049 μῆκος
1797 973 1918 1029 τοῦ
1971 967 2182 1030 πλόου
2236 963 2346 1030 καὶ
2401 968 2524 1050 τὴν
2590 967 2869 1052 ἐρημίην

357 1069 616 1154 ἀπῆλθε
683 1070 891 1136 ὀπίσω
958 1067 1103 1135 οὐδ’
1176 1068 1509 1136 ἐπετέλεσε
1581 1072 1700 1134 τὸν
1765 1068 2034 1148 ἐπέταξέ
2102 1073 2173 1137 οἰ
2233 1072 2275 1156 ἡ
2333 1075 2542 1158 μήτηρ
2601 1075 2869 1141 ἄεθλον.

352 1177 527 1253 Quae
586 1176 1215 1263 Carthaginiensium
1280 1177 1502 1262 opinio
1567 1177 1694 1241 alio
1755 1199 1890 1243 non
1942 1177 2176 1243 nititur
2229 1180 2675 1265 fundamento,
2739 1180 2867 1244 nisi

348 1284 690 1349 Hannonis
735 1281 1084 1369 periplo¹)‚
1138 1306 1258 1348 nec
1302 1285 1496 1371 longe
1543 1284 1822 1368 petenda
1869 1290 2083 1372 erunt,
2141 1308 2397 1371 censeo,
2445 1287 2682 1372 quibus
2729 1287 2868 1352 eius

351 1392 536 1478 origo
575 1392 959 1487 illustretun
1008 1390 1307 1454 videlicet
1343 1390 1692 1454 tradiderat
1729 1390 1965 1456 Hanno
2004 1415 2071 1456 se
2109 1393 2389 1478 Hesperi
2428 1393 2643 1459 Cornu
2681 1418 2863 1480 supe-

346 1504 492 1563 rato
530 1498 898 1583 pervenisse
928 1498 1009 1561 ad
1035 1496 1194 1562 Noti
1236 1499 1786 1584 promunturium3
1824 1500 1992 1564 unde
2022 1504 2086 1564 et
2124 1501 2505 1585 posterioris
2543 1502 2681 1567 aevi
2720 1525 2866 1590 geo-

350 1606 586 1693 graphi
632 1605 828 1691 vulgo
877 1605 1326 1669 concluserunt
1378 1604 1490 1692 (cf.
1535 1605 1698 1669 Plin.
1746 1605 1808 1670 H
1846 1609 1948 1692 67,
1991 1605 2149 1695 169)
2198 1612 2263 1671 et
2308 1612 2558 1672 veteres
2608 1607 2866 1674 Cartha-

354 1714 681 1801 ginienses
736 1711 1122 1777 conclusisse
1177 1711 1503 1797 videntur‚
1559 1735 1706 1776 eum
1753 1717 2266 1797 praetervectum
2313 1720 2377 1779 et
2425 1716 2754 1781 occiduam
2801 1721 2867 1781 et

349 1820 837 1885 meridionalem
880 1818 1127 1903 Libyae
1184 1842 1328 1884 oras
1386 1819 1716 1884 orientalis
1772 1821 2121 1885 terminum
2181 1826 2543 1887 assecutum
2594 1844 2731 1887 esse
2780 1864 2862 1871 ——

355 1930 511 2013 quid
574 1929 778 2015 igitur
840 1927 1102 2010 mirum,
1170 1927 1342 2011 quod
1401 1927 1553 1992 hinc
1609 1927 1937 1992 evicerunt
2000 1923 2277 2014 Libyam
2332 1929 2866 2017 circumnavigari

351 2037 586 2121 posse?
675 2034 827 2120 Ipsa
871 2057 1022 2099 vero
1069 2034 1385 2099 Herodoti
1431 2035 1656 2120 verba,
1714 2057 1878 2118 quae
1925 2035 2115 2099 modo
2161 2036 2444 2120 laudavi,
2495 2037 2864 2103 firmissimo

351 2145 734 2214 documento
767 2139 959 2225 sunt,
1016 2141 1351 2226 Sataspem
1399 2145 1549 2206 ante
1596 2142 1982 2207 Hannonem
2027 2165 2143 2226 per
2188 2143 2428 2207 fretum
2476 2142 2865 2208 Gaditanum

351 2255 748 2336 penetrasse3
795 2249 986 2313 aliam
1033 2249 1195 2313 illud
1241 2247 1381 2315 ἐπεὶ
1426 2272 1559 2313 non
1605 2248 1892 2313 admittit
1938 2249 2560 2334 interpretationem.

526 2358 702 2436 Quae
757 2358 813 2425 si
862 2361 1035 2422 recte
1084 2357 1413 2442 disputata
1460 2361 1628 2442 sunt,
1676 2357 2143 2422 consectarium
2190 2361 2287 2421 est
2297 2409 2314 2443 ,
2369 2357 2709 2423 Hannonis
2757 2381 2860 2423 ex-

350 2467 744 2551 peditionem
800 2465 1226 2550 posteriorem
1283 2487 1419 2530 esse
1478 2487 1645 2530 anno
1691 2465 1850 2550 4653
1906 2464 2035 2528 iam
2090 2464 2294 2551 igitur
2350 2487 2424 2529 eo
2472 2488 2676 2550 usque
2722 2489 2864 2550 per-

352 2575 539 2639 ducta
592 2597 697 2639 res
753 2578 877 2658 est,
941 2577 1015 2637 ut
1072 2595 1481 2658 quaeramus,
1548 2595 1829 2656 quonam
1883 2576 2177 2656 tempore
2234 2573 2320 2637 sit
2376 2573 2673 2638 anterior.
2774 2571 2863 2637 At

351 2705 500 2748 vero
550 2683 705 2768 quid
749 2680 997 2746 multa?
1089 2680 1245 2758 Quis
1290 2703 1423 2745 non
1468 2679 1660 2763 videt,
1709 2701 1965 2743 omnem
2014 2679 2515 2743 controversiam
2561 2680 2863 2766 profliga-

351 2795 484 2856 tam
537 2791 667 2856 iam
723 2813 859 2854 esse
915 2792 980 2853 et
1037 2787 1462 2871 disceptatam
1518 2787 1743 2852 eodem
1799 2786 1911 2851 illo
1965 2787 2108 2852 loco
2163 2786 2561 2870 Herodote0‚
2618 2809 2744 2870 quo
2797 2786 2864 2850 id

354 2904 532 2964 extra
596 2895 1068 2961 dubitationem
1133 2895 1402 2980 ponitur
1477 2894 1633 2980 quin
1697 2893 2013 2958 Herodoti
2078 2898 2289 2958 aetate
2345 2893 2683 2958 Hannonis
2738 2893 2865 2957 iter

351 3005 624 3070 feliciter
678 3005 1043 3070 confectum
1093 3002 1162 3067 in
1208 3003 1497 3067 omnium
1542 3003 1671 3067 iam
1719 3001 2352 3089 Carthaginiensium
2399 3024 2507 3066 ore
2553 2999 2752 3064 fuerit
2798 3003 2862 3064 et

353 3112 573 3177 multis
626 3112 808 3177 vanis
863 3110 1243 3176 commentis
1300 3110 1544 3174 dederit
1599 3109 1865 3174 ansam?
1956 3108 2182 3193 Itaque
2239 3130 2445 3193 pauca
2490 3108 2603 3171 illa
2646 3108 2862 3193 verba,

353 3221 406 3285 si
444 3221 599 3306 quid
633 3220 838 3306 video,
884 3220 1034 3304 plus
1074 3219 1292 3283 valent
1331 3240 1525 3303 quam
1561 3218 1821 3303 farrago
1861 3217 1973 3280 illa
2009 3216 2315 3300 locorum,
2364 3237 2557 3299 quam
2593 3214 2863 3278 Meltzer

352 3326 441 3416 (p.
481 3330 605 3394 231
632 3324 802 3414 sqq.)
867 3330 939 3391 ut
994 3327 1165 3390 idem
1228 3326 1534 3411 probaret
1599 3324 1950 3411 congessit:
2023 3324 2204 3389 cuius
2268 3321 2668 3410 argumentis
2730 3344 2863 3386 non

352 3435 485 3500 sine
541 3435 710 3525 ἐρῶ,
765 3456 955 3499 causa
1006 3434 1200 3498 fidem
1255 3433 1705 3498 abiudicarunt
1758 3431 1985 3518 Unger
2040 3431 2132 3520 (p.
2175 3428 2334 3518 183)
2391 3434 2455 3495 et
2512 3428 2861 3495 Goebelius

351 3541 439 3631 (p.
481 3541 577 3630 9);
630 3565 782 3607 nam
834 3542 1039 3606 multa
1084 3542 1304 3606 insunt
1352 3541 1631 3623 infirma,
1686 3540 1892 3604 multa
1947 3538 2142 3603 etiam
2208 3538 2445 3622 quibus
2500 3537 2879 3602 luculenter-

352 3654 525 3716 aetas
554 3650 1085 3715 ante-Hannonea
1112 3648 1418 3712 innuitur.
1485 3647 1814 3711 Nimirum
1843 3646 2150 3711 describit
2168 3644 2538 3710 Herodotus
2556 3642 2680 3732 (IV
2702 3640 2861 3729 195)

355 3760 699 3842 Κύραυνιν
745 3757 1040 3841 insulam,
1087 3755 1280 3820 sitam
1324 3756 1490 3820 κατὰ
1528 3748 1860 3833 Γῦζαντας
1905 3757 2059 3829 τοὺς
2108 3752 2180 3818 ἐν
2217 3752 2439 3836 Λιβύῃ
2487 3749 2594 3838 (cf.
2635 3749 2857 3834 Steph.

353 3865 501 3950 Byz.
567 3888 613 3930 s.
667 3888 723 3928 V.
790 3859 1189 3949 Κύραυνις),
1251 3859 1658 3948 longitudine
1724 3861 2145 3925 ducentorum
2210 3858 2589 3942 stadiorum,
2653 3863 2861 3923 artam

351 3971 708 4056 latitudine,
753 3971 820 4035 in
868 3993 1062 4055 quam
1106 3967 1369 4034 transiri
1415 3966 1623 4051 possit
1672 3989 1706 4030 e
1755 3966 2146 4031 continente:
2203 3987 2362 4050 quas
2396 3967 2586 4029 notas
2638 3988 2859 4030 omnes

354 4082 666 4165 quantum
720 4077 858 4142 eius
911 4077 1052 4142 fieri
1107 4078 1328 4163 potest
1392 4076 1544 4158 apte
1591 4071 1818 4137 referri
1865 4073 1946 4136 ad
1992 4094 2133 4137 eam
2178 4071 2482 4156 insulam,
2540 4095 2733 4157 quam
2779 4072 2859 4136 ad

352 4185 812 4252 occidentalem
863 4182 1133 4250 minoris
1180 4182 1391 4268 Syrtis
1447 4203 1626 4273 oram
1680 4180 1873 4245 sitam
1928 4183 1993 4244 et
2049 4184 2307 4245 centum
2350 4179 2586 4266 viginti
2634 4179 2858 4243 stadiis

352 4317 388 4358 a
422 4294 634 4378 Libya
680 4292 1025 4357 distantem
1062 4289 1396 4376 Κέρκιναν
1433 4292 1620 4356 vocat
1659 4287 2042 4353 stadiasmus
2080 4287 2276 4354 maris
2314 4286 2533 4373 magni
2573 4285 2642 4373 (ξ
2682 4283 2858 4372 112),

349 4400 602 4467 Plinius
651 4399 714 4465 V
760 4402 827 4484 7,
871 4402 954 4465 41
1023 4402 1216 4484 atque
1282 4397 1517 4464 Strabo
1573 4394 1759 4462 XVH
1804 4398 1872 4480 3,
1924 4397 2006 4461 16
2075 4420 2138 4480 p.
2188 4393 2386 4462 8340
2450 4397 2858 4476 Κερκινῖτιν,

637 4546 777 4554 0-

530 4635 583 4699 1)
623 4629 691 4684 cf.
729 4629 939 4698 Berger
976 4627 1028 4681 11
1062 4647 1116 4698 p.
1148 4634 1232 4684 40.
