<?xml version="1.0" encoding="UTF-8"?>
<!DOCTYPE html PUBLIC "-//W3C//DTD XHTML 1.0 Transitional//EN"
    "http://www.w3.org/TR/xhtml1/DTD/xhtml1-transitional.dtd">
<html xmlns="http://www.w3.org/1999/xhtml" xml:lang="en" lang="en">
 <head>
  <title>
</title>
<meta http-equiv="Content-Type" content="text/html;charset=utf-8" />
  <meta name='ocr-system' content='tesseract 3.04.00' />
  <meta name='ocr-capabilities' content='ocr_page ocr_carea ocr_par ocr_line ocrx_word'/>
</head>
<body>
  <div class='ocr_page' id='page_1' title='image "./dehannoniscarth00fiscgoog_0019.png"; bbox 0 0 3467 5334; ppageno 0'>
   <div class='ocr_carea' id='block_1_1' title="bbox 1376 415 2966 484">
    <p class='ocr_par' dir='ltr' id='par_1_1' title="bbox 1376 415 2966 484">
     <span class='ocr_line' id='line_1_1' title="bbox 1376 415 2966 484; baseline -0.001 -12"><span class='ocrx_word' id='word_1_1' title='bbox 1376 418 1461 472; x_wconf 91' lang='lat' dir='ltr'><strong>De</strong></span> <span class='ocrx_word' id='word_1_2' title='bbox 1496 415 1794 474; x_wconf 83' lang='lat' dir='ltr'><strong>Hannonis</strong></span> <span class='ocrx_word' id='word_1_3' title='bbox 1830 416 2054 473; x_wconf 84' lang='lat' dir='ltr'><strong>itinere.</strong></span> <span class='ocrx_word' id='word_1_4' title='bbox 2889 422 2966 484; x_wconf 86' lang='lat'><strong>11</strong></span> 
     </span>
    </p>
   </div>
   <div class='ocr_carea' id='block_1_2' title="bbox 444 580 2976 3667">
    <p class='ocr_par' dir='ltr' id='par_1_2' title="bbox 444 580 2976 3343">
     <span class='ocr_line' id='line_1_2' title="bbox 465 580 2974 670; baseline 0.001 -24"><span class='ocrx_word' id='word_1_5' title='bbox 465 580 770 646; x_wconf 90' lang='lat' dir='ltr'><strong>omissam</strong></span> <span class='ocrx_word' id='word_1_6' title='bbox 835 581 1259 666; x_wconf 72' lang='lat' dir='ltr'><strong>querentibus</strong></span> <span class='ocrx_word' id='word_1_7' title='bbox 1324 604 1515 665; x_wconf 93' lang='lat' dir='ltr'><strong>opem</strong></span> <span class='ocrx_word' id='word_1_8' title='bbox 1578 582 1752 648; x_wconf 94' lang='lat' dir='ltr'><strong>ultro</strong></span> <span class='ocrx_word' id='word_1_9' title='bbox 1817 584 2035 647; x_wconf 86' lang='lat' dir='ltr'><strong>ferunt</strong></span> <span class='ocrx_word' id='word_1_10' title='bbox 2100 581 2359 669; x_wconf 82' lang='lat' dir='ltr'><strong>Scylax,</strong></span> <span class='ocrx_word' id='word_1_11' title='bbox 2427 583 2707 670; x_wconf 91' lang='lat' dir='ltr'><strong>Plinius,</strong></span> <span class='ocrx_word' id='word_1_12' title='bbox 2760 584 2974 649; x_wconf 92' lang='lat' dir='ltr'><strong>Ptole-</strong></span> 
     </span>
     <span class='ocr_line' id='line_1_3' title="bbox 461 687 2975 777; baseline 0.001 -23"><span class='ocrx_word' id='word_1_13' title='bbox 461 711 697 754; x_wconf 73' lang='lat' dir='ltr'><strong>maeus</strong></span> <span class='ocrx_word' id='word_1_14' title='bbox 788 689 886 754; x_wconf 91' lang='lat' dir='ltr'><strong>Ac</strong></span> <span class='ocrx_word' id='word_1_15' title='bbox 931 688 1214 774; x_wconf 90' lang='lat' dir='ltr'><strong>primum</strong></span> <span class='ocrx_word' id='word_1_16' title='bbox 1261 688 1521 774; x_wconf 89' lang='lat' dir='ltr'><strong>quidem</strong></span> <span class='ocrx_word' id='word_1_17' title='bbox 1566 688 1802 774; x_wconf 82' lang='lat' dir='ltr'>Scylax</span> <span class='ocrx_word' id='word_1_18' title='bbox 1849 688 1919 777; x_wconf 65' lang='grc' dir='ltr'><strong>(ἓ</strong></span> <span class='ocrx_word' id='word_1_19' title='bbox 1961 687 2117 776; x_wconf 80' lang='grc'>112)</span> <span class='ocrx_word' id='word_1_20' title='bbox 2172 690 2256 755; x_wconf 86' lang='lat' dir='ltr'><strong>ab</strong></span> <span class='ocrx_word' id='word_1_21' title='bbox 2304 689 2622 756; x_wconf 92' lang='lat' dir='ltr'><strong>Hermaeo</strong></span> <span class='ocrx_word' id='word_1_22' title='bbox 2670 714 2975 775; x_wconf 90' lang='lat' dir='ltr'><strong>promun—</strong></span> 
     </span>
     <span class='ocr_line' id='line_1_4' title="bbox 456 795 2975 881; baseline 0.002 -21"><span class='ocrx_word' id='word_1_23' title='bbox 456 797 633 862; x_wconf 89' lang='lat' dir='ltr'><strong>turio</strong></span> <span class='ocrx_word' id='word_1_24' title='bbox 689 797 771 861; x_wconf 91' lang='lat' dir='ltr'><strong>ad</strong></span> <span class='ocrx_word' id='word_1_25' title='bbox 815 795 1186 862; x_wconf 85' lang='lat' dir='ltr'><strong>Soloentem</strong></span> <span class='ocrx_word' id='word_1_26' title='bbox 1239 796 1439 862; x_wconf 90' lang='lat' dir='ltr'><strong>trium</strong></span> <span class='ocrx_word' id='word_1_27' title='bbox 1501 795 1750 862; x_wconf 90' lang='lat' dir='ltr'><strong>dierum</strong></span> <span class='ocrx_word' id='word_1_28' title='bbox 1805 797 2426 881; x_wconf 90' lang='lat' dir='ltr'><strong>praetervectionem</strong></span> <span class='ocrx_word' id='word_1_29' title='bbox 2483 820 2619 863; x_wconf 89' lang='lat' dir='ltr'><strong>esse</strong></span> <span class='ocrx_word' id='word_1_30' title='bbox 2679 802 2975 864; x_wconf 91' lang='lat' dir='ltr'><strong>testatur.</strong></span> 
     </span>
     <span class='ocr_line' id='line_1_5' title="bbox 459 902 2976 989; baseline 0.001 -21"><span class='ocrx_word' id='word_1_31' title='bbox 459 904 852 970; x_wconf 81' lang='lat' dir='ltr'>Hermaeum</span> <span class='ocrx_word' id='word_1_32' title='bbox 898 909 1116 970; x_wconf 89' lang='lat' dir='ltr'><strong>autem</strong></span> <span class='ocrx_word' id='word_1_33' title='bbox 1152 902 1678 989; x_wconf 90' lang='lat' dir='ltr'><strong>promunturium</strong></span> <span class='ocrx_word' id='word_1_34' title='bbox 1724 926 1805 968; x_wconf 94' lang='lat' dir='ltr'><strong>ex</strong></span> <span class='ocrx_word' id='word_1_35' title='bbox 1844 902 2129 989; x_wconf 84' lang='lat' dir='ltr'><strong>Scylacis</strong></span> <span class='ocrx_word' id='word_1_36' title='bbox 2175 907 2481 988; x_wconf 90' lang='lat' dir='ltr'><strong>computo</strong></span> <span class='ocrx_word' id='word_1_37' title='bbox 2530 904 2803 970; x_wconf 91' lang='lat' dir='ltr'><strong>duorum</strong></span> <span class='ocrx_word' id='word_1_38' title='bbox 2850 906 2976 970; x_wconf 91' lang='lat' dir='ltr'><strong>die—</strong></span> 
     </span>
     <span class='ocr_line' id='line_1_6' title="bbox 459 1009 2975 1098; baseline 0.001 -22"><span class='ocrx_word' id='word_1_39' title='bbox 459 1034 606 1077; x_wconf 86' lang='lat' dir='ltr'><strong>rum</strong></span> <span class='ocrx_word' id='word_1_40' title='bbox 651 1011 775 1076; x_wconf 93' lang='lat' dir='ltr'><strong>iter</strong></span> <span class='ocrx_word' id='word_1_41' title='bbox 822 1009 1020 1075; x_wconf 90' lang='lat' dir='ltr'><strong>distat</strong></span> <span class='ocrx_word' id='word_1_42' title='bbox 1057 1012 1139 1076; x_wconf 95' lang='lat' dir='ltr'><strong>ab</strong></span> <span class='ocrx_word' id='word_1_43' title='bbox 1177 1010 1579 1096; x_wconf 81' lang='lat' dir='ltr'><strong>Ampelusia,</strong></span> <span class='ocrx_word' id='word_1_44' title='bbox 1630 1013 1759 1076; x_wconf 84' lang='lat'><strong>174</strong></span> <span class='ocrx_word' id='word_1_45' title='bbox 1796 1034 1878 1076; x_wconf 90' lang='lat' dir='ltr'><strong>m.</strong></span> <span class='ocrx_word' id='word_1_46' title='bbox 1917 1035 1980 1095; x_wconf 89' lang='lat' dir='ltr'><strong>p.</strong></span> <span class='ocrx_word' id='word_1_47' title='bbox 2019 1034 2058 1075; x_wconf 89' lang='lat' dir='ltr'><strong>a</strong></span> <span class='ocrx_word' id='word_1_48' title='bbox 2093 1011 2286 1098; x_wconf 87' lang='lat' dir='ltr'>Tingi</span> <span class='ocrx_word' id='word_1_49' title='bbox 2334 1011 2497 1076; x_wconf 93' lang='lat' dir='ltr'><strong>urbe</strong></span> <span class='ocrx_word' id='word_1_50' title='bbox 2543 1011 2613 1076; x_wconf 90' lang='lat' dir='ltr'><strong>in</strong></span> <span class='ocrx_word' id='word_1_51' title='bbox 2658 1012 2975 1078; x_wconf 89' lang='lat' dir='ltr'><strong>itinerarii</strong></span> 
     </span>
     <span class='ocr_line' id='line_1_7' title="bbox 457 1115 2974 1206; baseline 0 -23"><span class='ocrx_word' id='word_1_52' title='bbox 457 1117 776 1183; x_wconf 87' lang='lat' dir='ltr'><strong>Antonini</strong></span> <span class='ocrx_word' id='word_1_53' title='bbox 841 1116 1085 1182; x_wconf 89' lang='lat' dir='ltr'><strong>tabulis</strong></span> <span class='ocrx_word' id='word_1_54' title='bbox 1138 1116 1309 1206; x_wconf 86' lang='lat' dir='ltr'><strong>(edd.</strong></span> <span class='ocrx_word' id='word_1_55' title='bbox 1356 1117 1539 1182; x_wconf 92' lang='lat' dir='ltr'><strong>Pind.</strong></span> <span class='ocrx_word' id='word_1_56' title='bbox 1587 1121 1653 1180; x_wconf 93' lang='lat' dir='ltr'><strong>et</strong></span> <span class='ocrx_word' id='word_1_57' title='bbox 1698 1117 1917 1182; x_wconf 90' lang='lat' dir='ltr'><strong>Parth.</strong></span> <span class='ocrx_word' id='word_1_58' title='bbox 1965 1142 2027 1202; x_wconf 88' lang='lat' dir='ltr'><strong>p.</strong></span> <span class='ocrx_word' id='word_1_59' title='bbox 2068 1115 2225 1205; x_wconf 83' lang='lat'><strong>3)1&gt;.</strong></span> <span class='ocrx_word' id='word_1_60' title='bbox 2314 1117 2453 1184; x_wconf 90' lang='lat' dir='ltr'><strong>Iam</strong></span> <span class='ocrx_word' id='word_1_61' title='bbox 2507 1142 2658 1184; x_wconf 93' lang='lat' dir='ltr'><strong>vero</strong></span> <span class='ocrx_word' id='word_1_62' title='bbox 2716 1120 2772 1184; x_wconf 91' lang='lat' dir='ltr'><strong>si</strong></span> <span class='ocrx_word' id='word_1_63' title='bbox 2826 1120 2974 1185; x_wconf 90' lang='lat' dir='ltr'><strong>inde</strong></span> 
     </span>
     <span class='ocr_line' id='line_1_8' title="bbox 461 1224 2974 1312; baseline 0 -22"><span class='ocrx_word' id='word_1_64' title='bbox 461 1248 610 1290; x_wconf 90' lang='lat' dir='ltr'><strong>orae</strong></span> <span class='ocrx_word' id='word_1_65' title='bbox 654 1224 1129 1312; x_wconf 75' lang='lat' dir='ltr'><strong>longitudinem</strong></span> <span class='ocrx_word' id='word_1_66' title='bbox 1176 1225 1245 1289; x_wconf 93' lang='lat' dir='ltr'><strong>in</strong></span> <span class='ocrx_word' id='word_1_67' title='bbox 1290 1224 1550 1308; x_wconf 84' lang='lat' dir='ltr'><strong>mappis</strong></span> <span class='ocrx_word' id='word_1_68' title='bbox 1594 1224 1836 1289; x_wconf 90' lang='lat' dir='ltr'><strong>nostris</strong></span> <span class='ocrx_word' id='word_1_69' title='bbox 1875 1224 2216 1310; x_wconf 91' lang='lat' dir='ltr'><strong>emetieris,</strong></span> <span class='ocrx_word' id='word_1_70' title='bbox 2262 1224 2470 1289; x_wconf 86' lang='lat' dir='ltr'><strong>stadia</strong></span> <span class='ocrx_word' id='word_1_71' title='bbox 2514 1225 2793 1290; x_wconf 85' lang='lat' dir='ltr'><strong>habebis</strong></span> <span class='ocrx_word' id='word_1_72' title='bbox 2839 1228 2974 1291; x_wconf 89' lang='lat' dir='ltr'><strong>fere</strong></span> 
     </span>
     <span class='ocr_line' id='line_1_9' title="bbox 460 1329 2970 1418; baseline 0 -22"><span class='ocrx_word' id='word_1_73' title='bbox 460 1333 638 1397; x_wconf 89' lang='lat' dir='ltr'><strong>mille</strong></span> <span class='ocrx_word' id='word_1_74' title='bbox 695 1336 760 1396; x_wconf 91' lang='lat' dir='ltr'><strong>et</strong></span> <span class='ocrx_word' id='word_1_75' title='bbox 825 1331 1238 1417; x_wconf 69' lang='lat' dir='ltr'><strong>septingenta</strong></span> <span class='ocrx_word' id='word_1_76' title='bbox 1285 1368 1368 1377; x_wconf 88' lang='lat'><strong>——</strong></span> <span class='ocrx_word' id='word_1_77' title='bbox 1418 1334 1579 1414; x_wconf 88' lang='lat' dir='ltr'><strong>quae</strong></span> <span class='ocrx_word' id='word_1_78' title='bbox 1634 1329 1834 1395; x_wconf 89' lang='lat' dir='ltr'><strong>tridui</strong></span> <span class='ocrx_word' id='word_1_79' title='bbox 1890 1331 2372 1418; x_wconf 88' lang='lat' dir='ltr'><strong>navigationem</strong></span> <span class='ocrx_word' id='word_1_80' title='bbox 2418 1332 2593 1417; x_wconf 91' lang='lat' dir='ltr'><strong>apud</strong></span> <span class='ocrx_word' id='word_1_81' title='bbox 2640 1331 2970 1418; x_wconf 83' lang='lat' dir='ltr'><strong>Scylacem</strong></span> 
     </span>
     <span class='ocr_line' id='line_1_10' title="bbox 463 1438 2967 1524; baseline -0 -20"><span class='ocrx_word' id='word_1_82' title='bbox 463 1461 815 1524; x_wconf 83' lang='lat' dir='ltr'><strong>exaequare</strong></span> <span class='ocrx_word' id='word_1_83' title='bbox 863 1439 1140 1504; x_wconf 89' lang='lat' dir='ltr'><strong>efficitur</strong></span> <span class='ocrx_word' id='word_1_84' title='bbox 1186 1461 1266 1503; x_wconf 92' lang='lat' dir='ltr'><strong>ex</strong></span> <span class='ocrx_word' id='word_1_85' title='bbox 1305 1438 1398 1503; x_wconf 88' lang='lat' dir='ltr'><strong>eis</strong></span> <span class='ocrx_word' id='word_1_86' title='bbox 1436 1461 1595 1522; x_wconf 93' lang='lat' dir='ltr'><strong>quas</strong></span> <span class='ocrx_word' id='word_1_87' title='bbox 1633 1438 1824 1502; x_wconf 91' lang='lat' dir='ltr'><strong>modo</strong></span> <span class='ocrx_word' id='word_1_88' title='bbox 1862 1438 2264 1504; x_wconf 85' lang='lat' dir='ltr'><strong>laudavimus</strong></span> <span class='ocrx_word' id='word_1_89' title='bbox 2302 1439 2756 1506; x_wconf 81' lang='lat' dir='ltr'><strong>distantiarum</strong></span> <span class='ocrx_word' id='word_1_90' title='bbox 2791 1440 2967 1504; x_wconf 91' lang='lat' dir='ltr'><strong>notis</strong></span> 
     </span>
     <span class='ocr_line' id='line_1_11' title="bbox 461 1544 2966 1630; baseline 0 -20"><span class='ocrx_word' id='word_1_91' title='bbox 461 1547 630 1611; x_wconf 92' lang='lat' dir='ltr'><strong>inter</strong></span> <span class='ocrx_word' id='word_1_92' title='bbox 675 1570 741 1611; x_wconf 91' lang='lat' dir='ltr'><strong>se</strong></span> <span class='ocrx_word' id='word_1_93' title='bbox 788 1546 1039 1611; x_wconf 87' lang='lat' dir='ltr'><strong>collatis</strong></span> <span class='ocrx_word' id='word_1_94' title='bbox 1086 1585 1171 1593; x_wconf 91' lang='lat'><strong>—-</strong></span> <span class='ocrx_word' id='word_1_95' title='bbox 1220 1567 1422 1630; x_wconf 90' lang='lat' dir='ltr'><strong>usque</strong></span> <span class='ocrx_word' id='word_1_96' title='bbox 1468 1544 1550 1608; x_wconf 91' lang='lat' dir='ltr'><strong>ad</strong></span> <span class='ocrx_word' id='word_1_97' title='bbox 1593 1544 1977 1609; x_wconf 90' lang='lat' dir='ltr'><strong>hodiernum</strong></span> <span class='ocrx_word' id='word_1_98' title='bbox 2024 1545 2158 1628; x_wconf 81' lang='lat' dir='ltr'><strong>Cap</strong></span> <span class='ocrx_word' id='word_1_99' title='bbox 2203 1546 2448 1612; x_wconf 77' lang='lat' dir='ltr'><strong>Cantin.</strong></span> <span class='ocrx_word' id='word_1_100' title='bbox 2532 1546 2770 1623; x_wconf 85' lang='lat' dir='ltr'><strong>Quodsi</strong></span> <span class='ocrx_word' id='word_1_101' title='bbox 2818 1547 2966 1611; x_wconf 90' lang='lat' dir='ltr'><strong>dein</strong></span> 
     </span>
     <span class='ocr_line' id='line_1_12' title="bbox 455 1650 2966 1740; baseline 0 -23"><span class='ocrx_word' id='word_1_102' title='bbox 455 1676 491 1717; x_wconf 93' lang='lat' dir='ltr'><strong>a</strong></span> <span class='ocrx_word' id='word_1_103' title='bbox 527 1653 739 1717; x_wconf 84' lang='lat' dir='ltr'><strong>Plinio</strong></span> <span class='ocrx_word' id='word_1_104' title='bbox 779 1651 870 1740; x_wconf 89' lang='lat' dir='ltr'><strong>(V</strong></span> <span class='ocrx_word' id='word_1_105' title='bbox 910 1655 967 1737; x_wconf 86' lang='grc'><strong>1,</strong></span> <span class='ocrx_word' id='word_1_106' title='bbox 1007 1650 1081 1739; x_wconf 82' lang='lat'><strong>9)</strong></span> <span class='ocrx_word' id='word_1_107' title='bbox 1126 1652 1295 1717; x_wconf 83' lang='lat' dir='ltr'><strong>Solis</strong></span> <span class='ocrx_word' id='word_1_108' title='bbox 1340 1651 1869 1736; x_wconf 89' lang='lat' dir='ltr'><strong>promunturium</strong></span> <span class='ocrx_word' id='word_1_109' title='bbox 1918 1690 2001 1698; x_wconf 89' lang='lat'>—</span> <span class='ocrx_word' id='word_1_110' title='bbox 2048 1652 2142 1716; x_wconf 90' lang='lat' dir='ltr'><strong>ita</strong></span> <span class='ocrx_word' id='word_1_111' title='bbox 2188 1653 2359 1718; x_wconf 93' lang='lat' dir='ltr'><strong>enim</strong></span> <span class='ocrx_word' id='word_1_112' title='bbox 2395 1653 2707 1718; x_wconf 81' lang='lat' dir='ltr'><strong>Punicam</strong></span> <span class='ocrx_word' id='word_1_113' title='bbox 2743 1676 2966 1719; x_wconf 92' lang='lat' dir='ltr'><strong>vocem</strong></span> 
     </span>
     <span class='ocr_line' id='line_1_13' title="bbox 454 1758 2965 1846; baseline 0 -21"><span class='ocrx_word' id='word_1_114' title='bbox 454 1761 522 1825; x_wconf 91' lang='lat' dir='ltr'><strong>in</strong></span> <span class='ocrx_word' id='word_1_115' title='bbox 584 1760 891 1826; x_wconf 89' lang='lat' dir='ltr'><strong>Latinum</strong></span> <span class='ocrx_word' id='word_1_116' title='bbox 953 1764 1288 1824; x_wconf 92' lang='lat' dir='ltr'><strong>verterunt</strong></span> <span class='ocrx_word' id='word_1_117' title='bbox 1360 1780 1748 1844; x_wconf 86' lang='lat' dir='ltr'><strong>sermonem,</strong></span> <span class='ocrx_word' id='word_1_118' title='bbox 1821 1758 1989 1823; x_wconf 91' lang='lat' dir='ltr'><strong>unde</strong></span> <span class='ocrx_word' id='word_1_119' title='bbox 2062 1759 2299 1824; x_wconf 91' lang='lat' dir='ltr'><strong>iterum</strong></span> <span class='ocrx_word' id='word_1_120' title='bbox 2372 1760 2685 1846; x_wconf 85' lang='lat' dir='ltr'><strong>gliscente</strong></span> <span class='ocrx_word' id='word_1_121' title='bbox 2749 1783 2965 1826; x_wconf 89' lang='lat' dir='ltr'><strong>errore</strong></span> 
     </span>
     <span class='ocr_line' id='line_1_14' title="bbox 453 1864 2968 1955; baseline 0 -23"><span class='ocrx_word' id='word_1_122' title='bbox 453 1867 809 1932; x_wconf 89' lang='lat' dir='ltr'><strong>Ptolemaei</strong></span> <span class='ocrx_word' id='word_1_123' title='bbox 856 1866 980 1955; x_wconf 83' lang='lat' dir='ltr'><strong>(IV</strong></span> <span class='ocrx_word' id='word_1_124' title='bbox 1028 1870 1085 1952; x_wconf 87' lang='lat'><strong>1,</strong></span> <span class='ocrx_word' id='word_1_125' title='bbox 1132 1864 1204 1953; x_wconf 77' lang='lat'><strong>2&gt;</strong></span> <span class='ocrx_word' id='word_1_126' title='bbox 1240 1864 1479 1931; x_wconf 71' lang='lat' dir='ltr'><strong>‘HMov</strong></span> <span class='ocrx_word' id='word_1_127' title='bbox 1525 1867 1681 1951; x_wconf 77' lang='grc' dir='ltr'>ὄρος</span> <span class='ocrx_word' id='word_1_128' title='bbox 1735 1866 2057 1953; x_wconf 86' lang='lat' dir='ltr'><strong>originem</strong></span> <span class='ocrx_word' id='word_1_129' title='bbox 2105 1867 2289 1932; x_wconf 91' lang='lat' dir='ltr'><strong>duxit</strong></span> <span class='ocrx_word' id='word_1_130' title='bbox 2339 1905 2419 1914; x_wconf 93' lang='lat'><strong>—-</strong></span> <span class='ocrx_word' id='word_1_131' title='bbox 2466 1889 2599 1932; x_wconf 94' lang='lat' dir='ltr'><strong>non</strong></span> <span class='ocrx_word' id='word_1_132' title='bbox 2654 1868 2883 1952; x_wconf 81' lang='lat' dir='ltr'><strong>prOcul</strong></span> <span class='ocrx_word' id='word_1_133' title='bbox 2930 1891 2968 1932; x_wconf 90' lang='lat' dir='ltr'><strong>a</strong></span> 
     </span>
     <span class='ocr_line' id='line_1_15' title="bbox 454 1972 2967 2060; baseline 0 -21"><span class='ocrx_word' id='word_1_134' title='bbox 454 1975 706 2040; x_wconf 87' lang='lat' dir='ltr'><strong>Rutubi</strong></span> <span class='ocrx_word' id='word_1_135' title='bbox 753 1978 950 2059; x_wconf 93' lang='lat' dir='ltr'><strong>portu</strong></span> <span class='ocrx_word' id='word_1_136' title='bbox 1004 1974 1337 2038; x_wconf 87' lang='lat' dir='ltr'><strong>meridiem</strong></span> <span class='ocrx_word' id='word_1_137' title='bbox 1396 1995 1619 2037; x_wconf 89' lang='lat' dir='ltr'><strong>versus</strong></span> <span class='ocrx_word' id='word_1_138' title='bbox 1666 1972 2045 2060; x_wconf 89' lang='lat' dir='ltr'><strong>collocatur,</strong></span> <span class='ocrx_word' id='word_1_139' title='bbox 2104 1974 2228 2039; x_wconf 92' lang='lat' dir='ltr'><strong>hoc</strong></span> <span class='ocrx_word' id='word_1_140' title='bbox 2284 1997 2541 2058; x_wconf 89' lang='lat' dir='ltr'><strong>quoque</strong></span> <span class='ocrx_word' id='word_1_141' title='bbox 2598 1974 2791 2039; x_wconf 89' lang='lat' dir='ltr'><strong>aliam</strong></span> <span class='ocrx_word' id='word_1_142' title='bbox 2835 1998 2967 2040; x_wconf 91' lang='lat' dir='ltr'><strong>non</strong></span> 
     </span>
     <span class='ocr_line' id='line_1_16' title="bbox 456 2079 2966 2168; baseline 0.001 -23"><span class='ocrx_word' id='word_1_143' title='bbox 456 2081 741 2145; x_wconf 88' lang='lat' dir='ltr'><strong>admittit</strong></span> <span class='ocrx_word' id='word_1_144' title='bbox 777 2080 1398 2164; x_wconf 84' lang='lat' dir='ltr'><strong>interpretationem,</strong></span> <span class='ocrx_word' id='word_1_145' title='bbox 1433 2079 1561 2144; x_wconf 92' lang='lat' dir='ltr'><strong>nisi</strong></span> <span class='ocrx_word' id='word_1_146' title='bbox 1599 2083 1673 2144; x_wconf 93' lang='lat' dir='ltr'><strong>ut</strong></span> <span class='ocrx_word' id='word_1_147' title='bbox 1711 2079 1788 2143; x_wconf 89' lang='lat' dir='ltr'><strong>de</strong></span> <span class='ocrx_word' id='word_1_148' title='bbox 1828 2079 1960 2163; x_wconf 76' lang='lat' dir='ltr'><strong>Gap</strong></span> <span class='ocrx_word' id='word_1_149' title='bbox 1998 2080 2228 2148; x_wconf 74' lang='lat' dir='ltr'><strong>Cantin</strong></span> <span class='ocrx_word' id='word_1_150' title='bbox 2266 2082 2641 2168; x_wconf 79' lang='lat' dir='ltr'><strong>cogitemus,</strong></span> <span class='ocrx_word' id='word_1_151' title='bbox 2701 2082 2966 2147; x_wconf 88' lang='lat' dir='ltr'><strong>Etenim</strong></span> 
     </span>
     <span class='ocr_line' id='line_1_17' title="bbox 457 2187 2966 2274; baseline 0 -22"><span class='ocrx_word' id='word_1_152' title='bbox 457 2210 604 2253; x_wconf 93' lang='lat' dir='ltr'><strong>cum</strong></span> <span class='ocrx_word' id='word_1_153' title='bbox 649 2187 934 2253; x_wconf 86' lang='lat' dir='ltr'><strong>Rutubis</strong></span> <span class='ocrx_word' id='word_1_154' title='bbox 980 2193 1209 2271; x_wconf 90' lang='lat' dir='ltr'><strong>portus</strong></span> <span class='ocrx_word' id='word_1_155' title='bbox 1256 2211 1294 2252; x_wconf 94' lang='lat' dir='ltr'><strong>a</strong></span> <span class='ocrx_word' id='word_1_156' title='bbox 1338 2188 1503 2253; x_wconf 88' lang='lat' dir='ltr'><strong>Lixo</strong></span> <span class='ocrx_word' id='word_1_157' title='bbox 1559 2189 1787 2253; x_wconf 88' lang='lat' dir='ltr'><strong>abesse</strong></span> <span class='ocrx_word' id='word_1_158' title='bbox 1844 2188 2094 2253; x_wconf 89' lang='lat' dir='ltr'><strong>dicatur</strong></span> <span class='ocrx_word' id='word_1_159' title='bbox 2140 2191 2272 2254; x_wconf 75' lang='lat'><strong>224</strong></span> <span class='ocrx_word' id='word_1_160' title='bbox 2317 2214 2399 2254; x_wconf 94' lang='lat' dir='ltr'><strong>m.</strong></span> <span class='ocrx_word' id='word_1_161' title='bbox 2446 2214 2537 2274; x_wconf 88' lang='lat' dir='ltr'><strong>p.,</strong></span> <span class='ocrx_word' id='word_1_162' title='bbox 2594 2190 2966 2255; x_wconf 89' lang='lat' dir='ltr'><strong>deducimur</strong></span> 
     </span>
     <span class='ocr_line' id='line_1_18' title="bbox 455 2294 2966 2383; baseline 0.001 -25"><span class='ocrx_word' id='word_1_163' title='bbox 455 2295 621 2359; x_wconf 92' lang='lat' dir='ltr'><strong>hanc</strong></span> <span class='ocrx_word' id='word_1_164' title='bbox 668 2294 1045 2359; x_wconf 90' lang='lat' dir='ltr'><strong>emetientes</strong></span> <span class='ocrx_word' id='word_1_165' title='bbox 1082 2294 1455 2359; x_wconf 90' lang='lat' dir='ltr'><strong>distantiam</strong></span> <span class='ocrx_word' id='word_1_166' title='bbox 1499 2294 1578 2359; x_wconf 89' lang='lat' dir='ltr'><strong>ad</strong></span> <span class='ocrx_word' id='word_1_167' title='bbox 1614 2296 1934 2380; x_wconf 71' lang='lat' dir='ltr'><strong>Masayan</strong></span> <span class='ocrx_word' id='word_1_168' title='bbox 1981 2296 2295 2379; x_wconf 92' lang='lat' dir='ltr'><strong>oppidum</strong></span> <span class='ocrx_word' id='word_1_169' title='bbox 2311 2294 2392 2383; x_wconf 74' lang='lat'><strong>2):</strong></span> <span class='ocrx_word' id='word_1_170' title='bbox 2439 2300 2634 2381; x_wconf 89' lang='lat' dir='ltr'><strong>atque</strong></span> <span class='ocrx_word' id='word_1_171' title='bbox 2670 2297 2966 2381; x_wconf 86' lang='lat' dir='ltr'><strong>profecto</strong></span> 
     </span>
     <span class='ocr_line' id='line_1_19' title="bbox 456 2402 2970 2486; baseline 0.001 -21"><span class='ocrx_word' id='word_1_172' title='bbox 456 2402 625 2467; x_wconf 89' lang='lat' dir='ltr'><strong>inter</strong></span> <span class='ocrx_word' id='word_1_173' title='bbox 675 2402 841 2467; x_wconf 90' lang='lat' dir='ltr'><strong>hanc</strong></span> <span class='ocrx_word' id='word_1_174' title='bbox 888 2402 1118 2466; x_wconf 93' lang='lat' dir='ltr'><strong>urbem</strong></span> <span class='ocrx_word' id='word_1_175' title='bbox 1166 2407 1231 2467; x_wconf 91' lang='lat' dir='ltr'><strong>et</strong></span> <span class='ocrx_word' id='word_1_176' title='bbox 1278 2402 1508 2469; x_wconf 77' lang='lat' dir='ltr'><strong>Cantin</strong></span> <span class='ocrx_word' id='word_1_177' title='bbox 1556 2402 2081 2486; x_wconf 91' lang='lat' dir='ltr'><strong>promunturium</strong></span> <span class='ocrx_word' id='word_1_178' title='bbox 2129 2403 2581 2468; x_wconf 84' lang='lat' dir='ltr'><strong>brevissimum</strong></span> <span class='ocrx_word' id='word_1_179' title='bbox 2626 2404 2970 2468; x_wconf 87' lang='lat' dir='ltr'><strong>intercedit</strong></span> 
     </span>
     <span class='ocr_line' id='line_1_20' title="bbox 453 2508 2968 2597; baseline -0 -22"><span class='ocrx_word' id='word_1_180' title='bbox 453 2509 755 2594; x_wconf 87' lang='lat' dir='ltr'><strong>spatium.</strong></span> <span class='ocrx_word' id='word_1_181' title='bbox 847 2508 1094 2573; x_wconf 88' lang='lat' dir='ltr'><strong>Eodem</strong></span> <span class='ocrx_word' id='word_1_182' title='bbox 1160 2509 1433 2595; x_wconf 88' lang='lat' dir='ltr'><strong>denique</strong></span> <span class='ocrx_word' id='word_1_183' title='bbox 1498 2508 1911 2594; x_wconf 86' lang='lat' dir='ltr'><strong>pervenimus</strong></span> <span class='ocrx_word' id='word_1_184' title='bbox 1977 2509 2226 2575; x_wconf 88' lang='lat' dir='ltr'><strong>ratione</strong></span> <span class='ocrx_word' id='word_1_185' title='bbox 2300 2510 2528 2574; x_wconf 90' lang='lat' dir='ltr'><strong>habita</strong></span> <span class='ocrx_word' id='word_1_186' title='bbox 2590 2510 2968 2597; x_wconf 81' lang='lat' dir='ltr'><strong>Ptolemaei,</strong></span> 
     </span>
     <span class='ocr_line' id='line_1_21' title="bbox 444 2612 2966 2704; baseline 0.001 -24"><span class='ocrx_word' id='word_1_187' title='bbox 444 2617 568 2701; x_wconf 87' lang='lat' dir='ltr'><strong>qui</strong></span> <span class='ocrx_word' id='word_1_188' title='bbox 615 2616 738 2704; x_wconf 88' lang='lat' dir='ltr'><strong>(IV</strong></span> <span class='ocrx_word' id='word_1_189' title='bbox 786 2620 844 2701; x_wconf 89' lang='lat'><strong>1,</strong></span> <span class='ocrx_word' id='word_1_190' title='bbox 891 2614 962 2703; x_wconf 77' lang='lat'><strong>2)</strong></span> <span class='ocrx_word' id='word_1_191' title='bbox 999 2612 1235 2681; x_wconf 51' lang='grc' dir='ltr'><strong>εΗλίου</strong></span> <span class='ocrx_word' id='word_1_192' title='bbox 1283 2618 1440 2702; x_wconf 77' lang='grc' dir='ltr'><strong>ὄρος</strong></span> <span class='ocrx_word' id='word_1_193' title='bbox 1484 2615 1673 2700; x_wconf 92' lang='lat' dir='ltr'><strong>ponit</strong></span> <span class='ocrx_word' id='word_1_194' title='bbox 1720 2616 1841 2681; x_wconf 91' lang='lat' dir='ltr'><strong>sub</strong></span> <span class='ocrx_word' id='word_1_195' title='bbox 1892 2613 2007 2682; x_wconf 88' lang='lat'><strong>31⁰</strong></span> <span class='ocrx_word' id='word_1_196' title='bbox 2043 2613 2144 2683; x_wconf 83' lang='lat'><strong>15&#39;</strong></span> <span class='ocrx_word' id='word_1_197' title='bbox 2191 2639 2324 2681; x_wconf 95' lang='lat' dir='ltr'><strong>non</strong></span> <span class='ocrx_word' id='word_1_198' title='bbox 2368 2617 2564 2703; x_wconf 91' lang='lat' dir='ltr'><strong>longe</strong></span> <span class='ocrx_word' id='word_1_199' title='bbox 2611 2642 2649 2682; x_wconf 92' lang='lat' dir='ltr'><strong>a</strong></span> <span class='ocrx_word' id='word_1_200' title='bbox 2693 2620 2966 2685; x_wconf 89' lang='lat' dir='ltr'><strong>veritate</strong></span> 
     </span>
     <span class='ocr_line' id='line_1_22' title="bbox 454 2722 2970 2807; baseline 0.001 -18"><span class='ocrx_word' id='word_1_201' title='bbox 454 2725 782 2789; x_wconf 86' lang='lat' dir='ltr'><strong>recedens:</strong></span> <span class='ocrx_word' id='word_1_202' title='bbox 845 2746 995 2787; x_wconf 90' lang='lat' dir='ltr'><strong>nam</strong></span> <span class='ocrx_word' id='word_1_203' title='bbox 1053 2745 1205 2789; x_wconf 89' lang='lat' dir='ltr'><strong>vera</strong></span> <span class='ocrx_word' id='word_1_204' title='bbox 1264 2722 1701 2807; x_wconf 87' lang='lat' dir='ltr'><strong>promunturii</strong></span> <span class='ocrx_word' id='word_1_205' title='bbox 1750 2722 1984 2788; x_wconf 84' lang='lat' dir='ltr'><strong>Cantin</strong></span> <span class='ocrx_word' id='word_1_206' title='bbox 2037 2723 2317 2789; x_wconf 89' lang='lat' dir='ltr'><strong>latitudo</strong></span> <span class='ocrx_word' id='word_1_207' title='bbox 2374 2729 2472 2789; x_wconf 89' lang='lat' dir='ltr'><strong>est</strong></span> <span class='ocrx_word' id='word_1_208' title='bbox 2527 2723 2642 2790; x_wconf 76' lang='lat'><strong>32⁰</strong></span> <span class='ocrx_word' id='word_1_209' title='bbox 2679 2724 2783 2792; x_wconf 80' lang='lat'><strong>32¹</strong></span> <span class='ocrx_word' id='word_1_210' title='bbox 2822 2723 2970 2791; x_wconf 74' lang='lat'><strong>27⁰.</strong></span> 
     </span>
     <span class='ocr_line' id='line_1_23' title="bbox 453 2830 2968 2915; baseline 0.001 -19"><span class='ocrx_word' id='word_1_211' title='bbox 453 2831 630 2896; x_wconf 90' lang='lat' dir='ltr'><strong>Haec</strong></span> <span class='ocrx_word' id='word_1_212' title='bbox 678 2835 831 2896; x_wconf 93' lang='lat' dir='ltr'><strong>sunt</strong></span> <span class='ocrx_word' id='word_1_213' title='bbox 878 2836 1053 2895; x_wconf 90' lang='lat' dir='ltr'><strong>certa</strong></span> <span class='ocrx_word' id='word_1_214' title='bbox 1098 2830 1498 2915; x_wconf 88' lang='lat' dir='ltr'><strong>testimonia,</strong></span> <span class='ocrx_word' id='word_1_215' title='bbox 1556 2854 1719 2915; x_wconf 89' lang='lat' dir='ltr'><strong>quae</strong></span> <span class='ocrx_word' id='word_1_216' title='bbox 1774 2830 1954 2896; x_wconf 94' lang='lat' dir='ltr'><strong>nullo</strong></span> <span class='ocrx_word' id='word_1_217' title='bbox 2001 2831 2192 2896; x_wconf 91' lang='lat' dir='ltr'><strong>modo</strong></span> <span class='ocrx_word' id='word_1_218' title='bbox 2247 2831 2723 2898; x_wconf 87' lang='lat' dir='ltr'><strong>labefactantur</strong></span> <span class='ocrx_word' id='word_1_219' title='bbox 2767 2834 2968 2898; x_wconf 89' lang='lat' dir='ltr'><strong>Hero-</strong></span> 
     </span>
     <span class='ocr_line' id='line_1_24' title="bbox 453 2936 2966 3027; baseline 0.001 -24"><span class='ocrx_word' id='word_1_220' title='bbox 453 2938 591 3003; x_wconf 92' lang='lat' dir='ltr'><strong>doti</strong></span> <span class='ocrx_word' id='word_1_221' title='bbox 646 2937 973 3025; x_wconf 89' lang='lat' dir='ltr'><strong>ambiguis</strong></span> <span class='ocrx_word' id='word_1_222' title='bbox 1029 2942 1095 3002; x_wconf 93' lang='lat' dir='ltr'><strong>et</strong></span> <span class='ocrx_word' id='word_1_223' title='bbox 1149 2937 1482 3022; x_wconf 86' lang='lat' dir='ltr'><strong>perplexis</strong></span> <span class='ocrx_word' id='word_1_224' title='bbox 1536 2936 1755 3003; x_wconf 89' lang='lat' dir='ltr'><strong>verbis</strong></span> <span class='ocrx_word' id='word_1_225' title='bbox 1810 2937 1902 3025; x_wconf 88' lang='lat' dir='ltr'><strong>(II</strong></span> <span class='ocrx_word' id='word_1_226' title='bbox 1939 2941 2043 3004; x_wconf 77' lang='lat'><strong>32.</strong></span> <span class='ocrx_word' id='word_1_227' title='bbox 2087 2937 2182 3004; x_wconf 91' lang='lat' dir='ltr'><strong>IV</strong></span> <span class='ocrx_word' id='word_1_228' title='bbox 2217 2941 2321 3004; x_wconf 85' lang='lat'><strong>43.</strong></span> <span class='ocrx_word' id='word_1_229' title='bbox 2366 2937 2461 3004; x_wconf 90' lang='lat' dir='ltr'><strong>IV</strong></span> <span class='ocrx_word' id='word_1_230' title='bbox 2499 2937 2709 3027; x_wconf 76' lang='lat'><strong>32)3);</strong></span> <span class='ocrx_word' id='word_1_231' title='bbox 2767 2941 2966 3006; x_wconf 92' lang='lat' dir='ltr'><strong>immo</strong></span> 
     </span>
     <span class='ocr_line' id='line_1_25' title="bbox 453 3043 2968 3130; baseline 0.002 -21"><span class='ocrx_word' id='word_1_232' title='bbox 453 3046 613 3109; x_wconf 88' lang='lat' dir='ltr'><strong>haec</strong></span> <span class='ocrx_word' id='word_1_233' title='bbox 656 3067 788 3109; x_wconf 93' lang='lat' dir='ltr'><strong>non</strong></span> <span class='ocrx_word' id='word_1_234' title='bbox 832 3045 1015 3109; x_wconf 89' lang='lat' dir='ltr'><strong>flocci</strong></span> <span class='ocrx_word' id='word_1_235' title='bbox 1061 3045 1254 3110; x_wconf 84' lang='lat' dir='ltr'><strong>facio:</strong></span> <span class='ocrx_word' id='word_1_236' title='bbox 1278 3043 1608 3109; x_wconf 79' lang='lat' dir='ltr'><strong>nimirum</strong></span> <span class='ocrx_word' id='word_1_237' title='bbox 1644 3044 2016 3110; x_wconf 89' lang='lat' dir='ltr'><strong>Herodotus</strong></span> <span class='ocrx_word' id='word_1_238' title='bbox 2054 3084 2138 3092; x_wconf 94' lang='lat'>—</span> <span class='ocrx_word' id='word_1_239' title='bbox 2178 3068 2309 3111; x_wconf 95' lang='lat' dir='ltr'><strong>non</strong></span> <span class='ocrx_word' id='word_1_240' title='bbox 2346 3045 2584 3110; x_wconf 87' lang='lat' dir='ltr'><strong>viserat</strong></span> <span class='ocrx_word' id='word_1_241' title='bbox 2630 3046 2771 3130; x_wconf 91' lang='lat' dir='ltr'><strong>ipse</strong></span> <span class='ocrx_word' id='word_1_242' title='bbox 2808 3048 2968 3113; x_wconf 92' lang='lat' dir='ltr'><strong>occi-</strong></span> 
     </span>
     <span class='ocr_line' id='line_1_26' title="bbox 458 3151 2967 3238; baseline 0.002 -23"><span class='ocrx_word' id='word_1_243' title='bbox 458 3151 746 3217; x_wconf 89' lang='lat' dir='ltr'><strong>dentales</strong></span> <span class='ocrx_word' id='word_1_244' title='bbox 781 3151 900 3216; x_wconf 86' lang='lat' dir='ltr'><strong>has</strong></span> <span class='ocrx_word' id='word_1_245' title='bbox 935 3151 1234 3238; x_wconf 90' lang='lat' dir='ltr'><strong>regiones</strong></span> <span class='ocrx_word' id='word_1_246' title='bbox 1281 3189 1364 3198; x_wconf 89' lang='lat'>—</span> <span class='ocrx_word' id='word_1_247' title='bbox 1415 3173 1490 3216; x_wconf 89' lang='lat' dir='ltr'><strong>ea</strong></span> <span class='ocrx_word' id='word_1_248' title='bbox 1535 3154 1792 3216; x_wconf 92' lang='lat' dir='ltr'><strong>tantum</strong></span> <span class='ocrx_word' id='word_1_249' title='bbox 1828 3152 2045 3236; x_wconf 84' lang='lat' dir='ltr'><strong>refert,</strong></span> <span class='ocrx_word' id='word_1_250' title='bbox 2093 3175 2256 3237; x_wconf 90' lang='lat' dir='ltr'><strong>quae</strong></span> <span class='ocrx_word' id='word_1_251' title='bbox 2296 3153 2558 3220; x_wconf 91' lang='lat' dir='ltr'><strong>incertis</strong></span> <span class='ocrx_word' id='word_1_252' title='bbox 2595 3153 2967 3221; x_wconf 87' lang='lat' dir='ltr'><strong>rumoribus</strong></span> 
     </span>
     <span class='ocr_line' id='line_1_27' title="bbox 457 3257 2021 3343; baseline 0 -20"><span class='ocrx_word' id='word_1_253' title='bbox 457 3259 765 3343; x_wconf 87' lang='lat' dir='ltr'><strong>falsisque</strong></span> <span class='ocrx_word' id='word_1_254' title='bbox 814 3257 1233 3343; x_wconf 90' lang='lat' dir='ltr'><strong>opinionibus</strong></span> <span class='ocrx_word' id='word_1_255' title='bbox 1281 3259 1626 3324; x_wconf 87' lang='lat' dir='ltr'><strong>obscurata</strong></span> <span class='ocrx_word' id='word_1_256' title='bbox 1673 3258 2021 3323; x_wconf 89' lang='lat' dir='ltr'><strong>audiverat.</strong></span> 
     </span>
    </p>

    <p class='ocr_par' dir='ltr' id='par_1_3' title="bbox 451 3364 2968 3667">
     <span class='ocr_line' id='line_1_28' title="bbox 634 3364 2966 3451; baseline 0.001 -20"><span class='ocrx_word' id='word_1_257' title='bbox 634 3365 795 3431; x_wconf 81' lang='lat' dir='ltr'><strong>Cum</strong></span> <span class='ocrx_word' id='word_1_258' title='bbox 839 3387 990 3430; x_wconf 91' lang='lat' dir='ltr'><strong>vero</strong></span> <span class='ocrx_word' id='word_1_259' title='bbox 1033 3364 1332 3451; x_wconf 84' lang='lat' dir='ltr'><strong>Scylacis,</strong></span> <span class='ocrx_word' id='word_1_260' title='bbox 1377 3365 1594 3449; x_wconf 92' lang='lat' dir='ltr'><strong>Plinii,</strong></span> <span class='ocrx_word' id='word_1_261' title='bbox 1639 3366 1997 3431; x_wconf 91' lang='lat' dir='ltr'><strong>Ptolemaei</strong></span> <span class='ocrx_word' id='word_1_262' title='bbox 2042 3368 2217 3432; x_wconf 90' lang='lat' dir='ltr'><strong>notis</strong></span> <span class='ocrx_word' id='word_1_263' title='bbox 2255 3371 2503 3432; x_wconf 91' lang='lat' dir='ltr'><strong>certum</strong></span> <span class='ocrx_word' id='word_1_264' title='bbox 2549 3367 2679 3432; x_wconf 89' lang='lat' dir='ltr'><strong>iam</strong></span> <span class='ocrx_word' id='word_1_265' title='bbox 2726 3368 2966 3434; x_wconf 88' lang='lat' dir='ltr'><strong>iactum</strong></span> 
     </span>
     <span class='ocr_line' id='line_1_29' title="bbox 455 3473 2968 3559; baseline 0.002 -22"><span class='ocrx_word' id='word_1_266' title='bbox 455 3474 541 3538; x_wconf 92' lang='lat' dir='ltr'><strong>sit</strong></span> <span class='ocrx_word' id='word_1_267' title='bbox 568 3473 1074 3558; x_wconf 87' lang='lat' dir='ltr'><strong>fundamentum,</strong></span> <span class='ocrx_word' id='word_1_268' title='bbox 1113 3495 1240 3558; x_wconf 88' lang='lat' dir='ltr'><strong>quo</strong></span> <span class='ocrx_word' id='word_1_269' title='bbox 1277 3473 1404 3537; x_wconf 88' lang='lat' dir='ltr'><strong>nisi</strong></span> <span class='ocrx_word' id='word_1_270' title='bbox 1441 3477 1732 3538; x_wconf 89' lang='lat' dir='ltr'><strong>veterum</strong></span> <span class='ocrx_word' id='word_1_271' title='bbox 1761 3473 2133 3540; x_wconf 85' lang='lat' dir='ltr'><strong>Soloentem</strong></span> <span class='ocrx_word' id='word_1_272' title='bbox 2170 3474 2692 3559; x_wconf 90' lang='lat' dir='ltr'><strong>promunturium</strong></span> <span class='ocrx_word' id='word_1_273' title='bbox 2718 3476 2968 3542; x_wconf 89' lang='lat' dir='ltr'><strong>hodier-</strong></span> 
     </span>
     <span class='ocr_line' id='line_1_30' title="bbox 451 3578 2965 3667; baseline 0.002 -22"><span class='ocrx_word' id='word_1_274' title='bbox 451 3603 610 3645; x_wconf 93' lang='lat' dir='ltr'><strong>num</strong></span> <span class='ocrx_word' id='word_1_275' title='bbox 648 3581 781 3664; x_wconf 78' lang='lat' dir='ltr'><strong>Cap</strong></span> <span class='ocrx_word' id='word_1_276' title='bbox 819 3581 1053 3648; x_wconf 75' lang='lat' dir='ltr'><strong>Cantin</strong></span> <span class='ocrx_word' id='word_1_277' title='bbox 1098 3578 1302 3667; x_wconf 79' lang='lat' dir='ltr'><strong>esse4)</strong></span> <span class='ocrx_word' id='word_1_278' title='bbox 1351 3584 1417 3645; x_wconf 91' lang='lat' dir='ltr'><strong>et</strong></span> <span class='ocrx_word' id='word_1_279' title='bbox 1453 3581 1838 3646; x_wconf 91' lang='lat' dir='ltr'><strong>Hannonem</strong></span> <span class='ocrx_word' id='word_1_280' title='bbox 1879 3584 2210 3667; x_wconf 88' lang='lat' dir='ltr'><strong>hucusque</strong></span> <span class='ocrx_word' id='word_1_281' title='bbox 2249 3607 2286 3647; x_wconf 90' lang='lat' dir='ltr'><strong>a</strong></span> <span class='ocrx_word' id='word_1_282' title='bbox 2323 3581 2764 3667; x_wconf 63' lang='lat' dir='ltr'><strong>Th3⁷miaterio</strong></span> <span class='ocrx_word' id='word_1_283' title='bbox 2804 3585 2965 3649; x_wconf 93' lang='lat' dir='ltr'><strong>urbe</strong></span> 
     </span>
    </p>
   </div>
   <div class='ocr_carea' id='block_1_3' title="bbox 458 3745 883 3752">
    <p class='ocr_par' dir='ltr' id='par_1_4' title="bbox 458 3745 883 3752">
     <span class='ocr_line' id='line_1_31' title="bbox 458 3745 883 3752; baseline 0 1582"><span class='ocrx_word' id='word_1_284' title='bbox 458 3745 883 3752; x_wconf 95' lang='lat' dir='ltr'><strong> </strong></span> 
     </span>
    </p>
   </div>
   <div class='ocr_carea' id='block_1_4' title="bbox 580 3846 2968 4099">
    <p class='ocr_par' dir='ltr' id='par_1_5' title="bbox 580 3846 2968 4099">
     <span class='ocr_line' id='line_1_32' title="bbox 635 3846 2542 3918; baseline 0.001 -18"><span class='ocrx_word' id='word_1_285' title='bbox 635 3850 687 3918; x_wconf 91' lang='lat'><strong>1)</strong></span> <span class='ocrx_word' id='word_1_286' title='bbox 721 3846 905 3902; x_wconf 88' lang='lat' dir='ltr'><strong>Aliter</strong></span> <span class='ocrx_word' id='word_1_287' title='bbox 942 3847 1193 3903; x_wconf 79' lang='lat' dir='ltr'><strong>sentiunt</strong></span> <span class='ocrx_word' id='word_1_288' title='bbox 1227 3846 1503 3901; x_wconf 82' lang='lat' dir='ltr'><strong>Tissotius</strong></span> <span class='ocrx_word' id='word_1_289' title='bbox 1541 3867 1596 3918; x_wconf 90' lang='lat' dir='ltr'><strong>p.</strong></span> <span class='ocrx_word' id='word_1_290' title='bbox 1631 3854 1732 3902; x_wconf 87' lang='grc'><strong>196</strong></span> <span class='ocrx_word' id='word_1_291' title='bbox 1771 3849 1831 3903; x_wconf 84' lang='lat' dir='ltr'><strong>et</strong></span> <span class='ocrx_word' id='word_1_292' title='bbox 1866 3847 2135 3903; x_wconf 81' lang='lat' dir='ltr'><strong>Vivienus</strong></span> <span class='ocrx_word' id='word_1_293' title='bbox 2173 3867 2227 3918; x_wconf 90' lang='lat' dir='ltr'><strong>p.</strong></span> <span class='ocrx_word' id='word_1_294' title='bbox 2261 3854 2380 3904; x_wconf 83' lang='lat'><strong>351.</strong></span> <span class='ocrx_word' id='word_1_295' title='bbox 2421 3853 2542 3902; x_wconf 88' lang='lat'>418.</span> 
     </span>
     <span class='ocr_line' id='line_1_33' title="bbox 633 3936 2192 4006; baseline 0.002 -16"><span class='ocrx_word' id='word_1_296' title='bbox 633 3937 687 4006; x_wconf 78' lang='lat'><strong>2)</strong></span> <span class='ocrx_word' id='word_1_297' title='bbox 725 3937 794 3991; x_wconf 87' lang='lat' dir='ltr'><strong>cf.</strong></span> <span class='ocrx_word' id='word_1_298' title='bbox 817 3937 1009 3992; x_wconf 81' lang='lat' dir='ltr'><strong>Tissot</strong></span> <span class='ocrx_word' id='word_1_299' title='bbox 1029 3955 1083 4006; x_wconf 87' lang='lat' dir='ltr'><strong>p.</strong></span> <span class='ocrx_word' id='word_1_300' title='bbox 1107 3942 1228 4004; x_wconf 78' lang='lat'><strong>237,</strong></span> <span class='ocrx_word' id='word_1_301' title='bbox 1259 3936 1462 3991; x_wconf 84' lang='lat' dir='ltr'><strong>Vivien</strong></span> <span class='ocrx_word' id='word_1_302' title='bbox 1482 3937 1553 3991; x_wconf 90' lang='lat' dir='ltr'><strong>de</strong></span> <span class='ocrx_word' id='word_1_303' title='bbox 1576 3937 1656 3992; x_wconf 87' lang='lat' dir='ltr'><strong>St.</strong></span> <span class='ocrx_word' id='word_1_304' title='bbox 1679 3937 1891 3992; x_wconf 85' lang='lat' dir='ltr'><strong>Martin</strong></span> <span class='ocrx_word' id='word_1_305' title='bbox 1910 3955 1962 4005; x_wconf 90' lang='lat' dir='ltr'><strong>p.</strong></span> <span class='ocrx_word' id='word_1_306' title='bbox 1988 3943 2089 3993; x_wconf 85' lang='grc'><strong>361</strong></span> <span class='ocrx_word' id='word_1_307' title='bbox 2113 3956 2192 4006; x_wconf 83' lang='lat' dir='ltr'><strong>sq.</strong></span> 
     </span>
     <span class='ocr_line' id='line_1_34' title="bbox 580 4024 2968 4099; baseline 0.002 -20"><span class='ocrx_word' id='word_1_308' title='bbox 580 4032 589 4037; x_wconf 87' lang='grc'><strong>’</strong></span> <span class='ocrx_word' id='word_1_309' title='bbox 633 4027 689 4095; x_wconf 87' lang='grc'><strong>3)</strong></span> <span class='ocrx_word' id='word_1_310' title='bbox 728 4025 866 4080; x_wconf 83' lang='lat' dir='ltr'><strong>Cum</strong></span> <span class='ocrx_word' id='word_1_311' title='bbox 894 4025 1212 4079; x_wconf 87' lang='lat' dir='ltr'><strong>Herodotus</strong></span> <span class='ocrx_word' id='word_1_312' title='bbox 1241 4025 1295 4080; x_wconf 95' lang='lat' dir='ltr'><strong>II</strong></span> <span class='ocrx_word' id='word_1_313' title='bbox 1323 4032 1391 4079; x_wconf 80' lang='lat'><strong>32</strong></span> <span class='ocrx_word' id='word_1_314' title='bbox 1432 4024 1758 4081; x_wconf 86' lang='lat' dir='ltr'><strong>Soloentem</strong></span> <span class='ocrx_word' id='word_1_315' title='bbox 1791 4028 2239 4095; x_wconf 88' lang='lat' dir='ltr'><strong>promunturium</strong></span> <span class='ocrx_word' id='word_1_316' title='bbox 2276 4027 2434 4082; x_wconf 88' lang='lat' dir='ltr'><strong>dicat</strong></span> <span class='ocrx_word' id='word_1_317' title='bbox 2458 4031 2726 4082; x_wconf 79' lang='grc' dir='ltr'><strong><em>τελευτᾶν</em></strong></span> <span class='ocrx_word' id='word_1_318' title='bbox 2762 4029 2835 4082; x_wconf 81' lang='grc' dir='ltr'><strong>τὰ</strong></span> <span class='ocrx_word' id='word_1_319' title='bbox 2868 4037 2968 4099; x_wconf 77' lang='grc' dir='ltr'><strong>τῆς</strong></span> 
     </span>
    </p>
   </div>
   <div class='ocr_carea' id='block_1_5' title="bbox 450 4113 2968 4260">
    <p class='ocr_par' dir='ltr' id='par_1_6' title="bbox 450 4113 2968 4260">
     <span class='ocr_line' id='line_1_35' title="bbox 452 4113 2968 4186; baseline 0.003 -20"><span class='ocrx_word' id='word_1_320' title='bbox 452 4113 680 4186; x_wconf 82' lang='grc' dir='ltr'><strong><em>Λιβύης,</em></strong></span> <span class='ocrx_word' id='word_1_321' title='bbox 717 4114 888 4185; x_wconf 85' lang='lat' dir='ltr'><strong>vulgo</strong></span> <span class='ocrx_word' id='word_1_322' title='bbox 927 4114 1242 4170; x_wconf 86' lang='lat' dir='ltr'><strong>referuntur</strong></span> <span class='ocrx_word' id='word_1_323' title='bbox 1271 4116 1390 4170; x_wconf 88' lang='lat' dir='ltr'><strong>eius</strong></span> <span class='ocrx_word' id='word_1_324' title='bbox 1419 4114 1594 4170; x_wconf 87' lang='lat' dir='ltr'><strong>verba</strong></span> <span class='ocrx_word' id='word_1_325' title='bbox 1622 4115 1696 4169; x_wconf 84' lang='lat' dir='ltr'><strong>ad</strong></span> <span class='ocrx_word' id='word_1_326' title='bbox 1728 4116 1847 4186; x_wconf 81' lang='lat' dir='ltr'><strong>Gap</strong></span> <span class='ocrx_word' id='word_1_327' title='bbox 1878 4115 2122 4186; x_wconf 78' lang='lat' dir='ltr'><strong>Spartel:</strong></span> <span class='ocrx_word' id='word_1_328' title='bbox 2162 4118 2246 4172; x_wconf 78' lang='lat' dir='ltr'><strong>cf.&#39;</strong></span> <span class='ocrx_word' id='word_1_329' title='bbox 2266 4117 2654 4186; x_wconf 85' lang='lat' dir='ltr'><strong>Wiedemann,</strong></span> <span class='ocrx_word' id='word_1_330' title='bbox 2693 4119 2968 4174; x_wconf 73' lang='lat' dir='ltr'><strong>Herodots</strong></span> 
     </span>
     <span class='ocr_line' id='line_1_36' title="bbox 450 4202 986 4260; baseline 0.002 -3"><span class='ocrx_word' id='word_1_331' title='bbox 450 4205 504 4257; x_wconf 79' lang='lat'><strong>2.</strong></span> <span class='ocrx_word' id='word_1_332' title='bbox 543 4202 705 4258; x_wconf 75' lang='lat' dir='ltr'><strong>chh</strong></span> <span class='ocrx_word' id='word_1_333' title='bbox 743 4204 816 4257; x_wconf 87' lang='lat' dir='ltr'><strong>ad</strong></span> <span class='ocrx_word' id='word_1_334' title='bbox 853 4203 908 4260; x_wconf 87' lang='lat' dir='ltr'><strong>h.</strong></span> <span class='ocrx_word' id='word_1_335' title='bbox 947 4203 986 4258; x_wconf 93' lang='lat'><strong>1.</strong></span> 
     </span>
    </p>
   </div>
   <div class='ocr_carea' id='block_1_6' title="bbox 450 4308 2965 4563">
    <p class='ocr_par' dir='ltr' id='par_1_7' title="bbox 450 4308 2965 4563">
     <span class='ocr_line' id='line_1_37' title="bbox 631 4308 2964 4383; baseline 0.004 -23"><span class='ocrx_word' id='word_1_336' title='bbox 631 4309 689 4377; x_wconf 87' lang='lat'><strong>4)</strong></span> <span class='ocrx_word' id='word_1_337' title='bbox 727 4308 796 4363; x_wconf 89' lang='lat' dir='ltr'><strong>cf.</strong></span> <span class='ocrx_word' id='word_1_338' title='bbox 831 4308 1110 4378; x_wconf 83' lang='lat' dir='ltr'><strong>Mannert,</strong></span> <span class='ocrx_word' id='word_1_339' title='bbox 1148 4308 1339 4382; x_wconf 73' lang='lat' dir='ltr'><strong>Geoyr.</strong></span> <span class='ocrx_word' id='word_1_340' title='bbox 1368 4311 1421 4367; x_wconf 81' lang='lat' dir='ltr'><strong>d.</strong></span> <span class='ocrx_word' id='word_1_341' title='bbox 1457 4312 1553 4368; x_wconf 73' lang='lat' dir='ltr'><strong>Gr.</strong></span> <span class='ocrx_word' id='word_1_342' title='bbox 1583 4328 1640 4367; x_wconf 76' lang='lat' dir='ltr'><strong>u.</strong></span> <span class='ocrx_word' id='word_1_343' title='bbox 1669 4311 1741 4368; x_wconf 79' lang='lat' dir='ltr'><strong>R.</strong></span> <span class='ocrx_word' id='word_1_344' title='bbox 1779 4311 1831 4366; x_wconf 87' lang='lat' dir='ltr'><strong>X</strong></span> <span class='ocrx_word' id='word_1_345' title='bbox 1858 4319 1908 4381; x_wconf 83' lang='lat'><strong>2,</strong></span> <span class='ocrx_word' id='word_1_346' title='bbox 1938 4316 2060 4369; x_wconf 82' lang='lat'><strong>495.</strong></span> <span class='ocrx_word' id='word_1_347' title='bbox 2123 4313 2346 4369; x_wconf 77' lang='lat' dir='ltr'><strong>Movere</strong></span> <span class='ocrx_word' id='word_1_348' title='bbox 2374 4314 2427 4367; x_wconf 94' lang='lat' dir='ltr'><strong>II</strong></span> <span class='ocrx_word' id='word_1_349' title='bbox 2457 4321 2506 4383; x_wconf 84' lang='lat'><strong>2,</strong></span> <span class='ocrx_word' id='word_1_350' title='bbox 2537 4320 2658 4369; x_wconf 83' lang='lat'><strong>544.</strong></span> <span class='ocrx_word' id='word_1_351' title='bbox 2725 4312 2964 4369; x_wconf 91' lang='lat' dir='ltr'><strong>Mueller</strong></span> 
     </span>
     <span class='ocr_line' id='line_1_38' title="bbox 450 4395 2965 4473; baseline 0.003 -21"><span class='ocrx_word' id='word_1_352' title='bbox 450 4415 505 4466; x_wconf 88' lang='lat' dir='ltr'><strong>p.</strong></span> <span class='ocrx_word' id='word_1_353' title='bbox 527 4404 577 4452; x_wconf 87' lang='lat'><strong>3.</strong></span> <span class='ocrx_word' id='word_1_354' title='bbox 632 4395 818 4451; x_wconf 81' lang='lat' dir='ltr'><strong>Tissot</strong></span> <span class='ocrx_word' id='word_1_355' title='bbox 843 4414 898 4465; x_wconf 89' lang='lat' dir='ltr'><strong>p.</strong></span> <span class='ocrx_word' id='word_1_356' title='bbox 921 4404 1042 4452; x_wconf 82' lang='grc'><strong>239.</strong></span> <span class='ocrx_word' id='word_1_357' title='bbox 1098 4396 1303 4453; x_wconf 88' lang='lat' dir='ltr'><strong>Vivien</strong></span> <span class='ocrx_word' id='word_1_358' title='bbox 1342 4401 1410 4455; x_wconf 91' lang='lat' dir='ltr'><strong>de</strong></span> <span class='ocrx_word' id='word_1_359' title='bbox 1433 4401 1513 4455; x_wconf 86' lang='lat' dir='ltr'><strong>St.</strong></span> <span class='ocrx_word' id='word_1_360' title='bbox 1534 4400 1746 4456; x_wconf 85' lang='lat' dir='ltr'><strong>Martin</strong></span> <span class='ocrx_word' id='word_1_361' title='bbox 1771 4419 1825 4470; x_wconf 89' lang='lat' dir='ltr'><strong>p.</strong></span> <span class='ocrx_word' id='word_1_362' title='bbox 1848 4406 1968 4457; x_wconf 83' lang='lat'><strong>356.</strong></span> <span class='ocrx_word' id='word_1_363' title='bbox 2033 4402 2173 4457; x_wconf 87' lang='lat' dir='ltr'><strong>Entz</strong></span> <span class='ocrx_word' id='word_1_364' title='bbox 2202 4422 2256 4473; x_wconf 89' lang='lat' dir='ltr'><strong>p.</strong></span> <span class='ocrx_word' id='word_1_365' title='bbox 2284 4410 2368 4458; x_wconf 86' lang='lat'><strong>33.</strong></span> <span class='ocrx_word' id='word_1_366' title='bbox 2421 4399 2680 4472; x_wconf 70' lang='lat' dir='ltr'><strong>Treve‘p.</strong></span> <span class='ocrx_word' id='word_1_367' title='bbox 2707 4408 2790 4456; x_wconf 80' lang='grc'><strong>17.</strong></span> <span class='ocrx_word' id='word_1_368' title='bbox 2851 4404 2965 4473; x_wconf 78' lang='lat' dir='ltr'><strong>Cap</strong></span> 
     </span>
     <span class='ocr_line' id='line_1_39' title="bbox 451 4483 2963 4563; baseline 0.004 -25"><span class='ocrx_word' id='word_1_369' title='bbox 451 4486 667 4541; x_wconf 82' lang='lat' dir='ltr'><strong>Blanco</strong></span> <span class='ocrx_word' id='word_1_370' title='bbox 687 4483 948 4556; x_wconf 85' lang='lat' dir='ltr'><strong>intellegi</strong></span> <span class='ocrx_word' id='word_1_371' title='bbox 968 4486 1266 4542; x_wconf 90' lang='lat' dir='ltr'><strong>voluerunt</strong></span> <span class='ocrx_word' id='word_1_372' title='bbox 1282 4488 1589 4544; x_wconf 86' lang='lat' dir='ltr'><strong>Heerenius</strong></span> <span class='ocrx_word' id='word_1_373' title='bbox 1613 4509 1668 4559; x_wconf 91' lang='lat' dir='ltr'><strong>p.</strong></span> <span class='ocrx_word' id='word_1_374' title='bbox 1686 4498 1804 4557; x_wconf 84' lang='lat'><strong>103,</strong></span> <span class='ocrx_word' id='word_1_375' title='bbox 1833 4491 2082 4560; x_wconf 86' lang='lat' dir='ltr'><strong>Klugeus</strong></span> <span class='ocrx_word' id='word_1_376' title='bbox 2100 4510 2154 4561; x_wconf 89' lang='lat' dir='ltr'><strong>p.</strong></span> <span class='ocrx_word' id='word_1_377' title='bbox 2170 4497 2262 4559; x_wconf 82' lang='lat'><strong>323</strong></span> <span class='ocrx_word' id='word_1_378' title='bbox 2288 4493 2406 4563; x_wconf 78' lang='lat' dir='ltr'><strong>Gap</strong></span> <span class='ocrx_word' id='word_1_379' title='bbox 2430 4492 2537 4547; x_wconf 77' lang='lat' dir='ltr'><strong>Gir</strong></span> <span class='ocrx_word' id='word_1_380' title='bbox 2550 4491 2774 4547; x_wconf 86' lang='lat' dir='ltr'><strong>Robiou</strong></span> <span class='ocrx_word' id='word_1_381' title='bbox 2793 4513 2844 4563; x_wconf 90' lang='lat' dir='ltr'><strong>p.</strong></span> <span class='ocrx_word' id='word_1_382' title='bbox 2864 4500 2963 4549; x_wconf 83' lang='lat'><strong>199</strong></span> 
     </span>
    </p>
   </div>
   <div class='ocr_carea' id='block_1_7' title="bbox 451 4573 2966 4734">
    <p class='ocr_par' dir='ltr' id='par_1_8' title="bbox 451 4573 2966 4734">
     <span class='ocr_line' id='line_1_40' title="bbox 451 4573 2966 4652; baseline 0.002 -23"><span class='ocrx_word' id='word_1_383' title='bbox 451 4574 542 4647; x_wconf 84' lang='lat' dir='ltr'><strong>(cf.</strong></span> <span class='ocrx_word' id='word_1_384' title='bbox 582 4575 703 4629; x_wconf 86' lang='lat' dir='ltr'><strong>Mer</strong></span> <span class='ocrx_word' id='word_1_385' title='bbox 738 4594 792 4644; x_wconf 90' lang='lat' dir='ltr'><strong>p.</strong></span> <span class='ocrx_word' id='word_1_386' title='bbox 825 4577 968 4645; x_wconf 81' lang='lat'><strong>126),</strong></span> <span class='ocrx_word' id='word_1_387' title='bbox 1005 4573 1333 4630; x_wconf 84' lang='lat' dir='ltr'><strong>Knoetelius</strong></span> <span class='ocrx_word' id='word_1_388' title='bbox 1370 4596 1426 4646; x_wconf 91' lang='lat' dir='ltr'><strong>p.</strong></span> <span class='ocrx_word' id='word_1_389' title='bbox 1460 4584 1543 4647; x_wconf 85' lang='lat'><strong>18,</strong></span> <span class='ocrx_word' id='word_1_390' title='bbox 1581 4579 1844 4636; x_wconf 86' lang='lat' dir='ltr'><strong>Berlioux</strong></span> <span class='ocrx_word' id='word_1_391' title='bbox 1881 4600 1934 4650; x_wconf 90' lang='lat' dir='ltr'><strong>p.</strong></span> <span class='ocrx_word' id='word_1_392' title='bbox 1962 4587 2054 4648; x_wconf 79' lang='lat'><strong>363</strong></span> <span class='ocrx_word' id='word_1_393' title='bbox 2098 4579 2213 4652; x_wconf 78' lang='lat' dir='ltr'><strong>Gap</strong></span> <span class='ocrx_word' id='word_1_394' title='bbox 2234 4583 2488 4650; x_wconf 79' lang='lat' dir='ltr'><strong>Bojador</strong></span> <span class='ocrx_word' id='word_1_395' title='bbox 2519 4582 2966 4650; x_wconf 84' lang='lat' dir='ltr'><strong>Bougainvillius</strong></span> 
     </span>
     <span class='ocr_line' id='line_1_41' title="bbox 451 4663 1462 4734; baseline 0.001 -15"><span class='ocrx_word' id='word_1_396' title='bbox 451 4665 603 4720; x_wconf 56' lang='lat' dir='ltr'><strong>mem.</strong></span> <span class='ocrx_word' id='word_1_397' title='bbox 641 4666 707 4720; x_wconf 84' lang='lat' dir='ltr'><strong>de</strong></span> <span class='ocrx_word' id='word_1_398' title='bbox 744 4665 962 4722; x_wconf 81' lang='lat' dir='ltr'><strong>l’Acad.</strong></span> <span class='ocrx_word' id='word_1_399' title='bbox 1001 4665 1043 4719; x_wconf 90' lang='lat' dir='ltr'><strong>t.</strong></span> <span class='ocrx_word' id='word_1_400' title='bbox 1073 4663 1256 4720; x_wconf 92' lang='lat' dir='ltr'>XXVI</span> <span class='ocrx_word' id='word_1_401' title='bbox 1291 4684 1345 4734; x_wconf 89' lang='lat' dir='ltr'><strong>p.</strong></span> <span class='ocrx_word' id='word_1_402' title='bbox 1378 4671 1462 4721; x_wconf 90' lang='grc'><strong>16.</strong></span> 
     </span>
    </p>
   </div>
  </div>
 </body>
</html>
