3467 5334
1247 390 1330 443 De
1365 390 1658 445 Hannonis
1695 388 1817 445 vita
1856 392 1914 444 et
1950 392 2154 446 aetate.
2870 390 2953 452 89

455 554 703 618 deserta
748 551 1205 617 inhabitabilia
1243 574 1381 617 esse
1420 553 1715 639 affirmat,
1766 553 2062 618 similiter
2098 558 2292 638 atque
2329 554 2561 618 Hanno
2601 554 2681 618 ad
2717 557 2957 618 terram

453 665 724 745 propter
759 660 1034 725 111111111111
1070 659 1401 725 calorem
1383 682 1771 725 maccessam
1810 662 2123 747 pervenit,
2163 662 2335 746 quid,
2375 683 2630 746 quaem,
2665 660 2958 777 impedit,

456 768 799 852 quominus
842 769 966 833 hoc
1012 768 1330 853 acceperit
1377 790 1524 832 cum
1558 765 1850 854 Aegypti
1894 771 2301 834 versaretur?

630 875 786 940 Dixi
850 898 1073 961 supra,
1134 875 1446 960 quaedam
1511 876 1917 942 subindicare
1981 881 2258 941 aetatem
2326 876 2960 961 ante-Hannoneam‚

459 1005 618 1068 quae
665 983 860 1069 vulgo
909 984 1253 1066 posteriori
1300 982 1579 1067 tempori
1625 982 2056 1048 vindicentur:
2102 982 2387 1067 spectavi
2433 983 2599 1048 hanc
2645 982 2960 1047 Herodoti

457 1089 916 1176 narrationem,
971 1091 1053 1155 ab
1110 1091 1271 1176 ipsis
1328 1089 1974 1177 Carthaginiensibus
2029 1090 2136 1179 (cf.
2191 1090 2285 1156 IV
2326 1088 2484 1177 196)
2540 1094 2963 1174 compertam:

461 1193 631 1264 εἶναι
675 1206 790 1282 τῆς
823 1199 1083 1282 Λιβύης
1127 1202 1345 1286 χῶρόν
1390 1220 1459 1262 τε
1505 1194 1614 1262 καὶ
1652 1196 2056 1283 ἀνθρώπους
2092 1197 2214 1276 ἔξω
2243 1193 2628 1282 “Ηρακλέων
2667 1196 2961 1282 στηλέων

462 1303 1004 1389 κατοικημένους·
1051 1303 1117 1381 ἐς
1161 1308 1318 1381 τοὺς
1365 1303 1561 1369 ἐπεὰν
1608 1302 1973 1370 ἀπίκωνται
2018 1303 2128 1371 καὶ
2176 1304 2521 1383 ἐξέλωνται
2564 1307 2644 1370 τά
2691 1307 2959 1391 φορτία,

460 1410 691 1489 θέντες
745 1410 911 1476 αὐτὰ
962 1410 1188 1495 ἐπεξῆς
1242 1413 1419 1496 παρὰ
1473 1410 1594 1494 τὴν
1649 1414 2078 1496 κυματωγήν,
2137 1412 2447 1496 ἐσβάντες
2505 1412 2570 1490 ἐς
2622 1413 2701 1476 τά
2746 1417 2965 1491 πλοῖα,

461 1519 694 1604 τύφειν
748 1520 1031 1583 καπνόν·
1094 1522 1252 1595 τοὺς
1318 1516 1379 1584 δ’
1445 1517 1836 1604 ἐπιχωρίους
1892 1517 2243 1604 ἰδομένους
2305 1522 2423 1586 τὸν
2480 1521 2735 1585 καπνὸν
2793 1517 2965 1584 ι’έναι

462 1624 567 1691 ἐπὶ
620 1626 742 1710 τὴν
795 1625 1148 1690 θάλασσαν
1177 1623 1312 1694 ,καὶ
1367 1628 1588 1690 ἔπειτα
1645 1622 1793 1689 ἀντὶ
1846 1636 1982 1690 τῶν
2038 1629 2334 1713 φορτίων
2390 1628 2644 1711 χρυσὸν
2700 1624 2965 1690 τιθέναι

462 1730 570 1797 καὶ
617 1730 1089 1816 ἐξαναχωρέειν
1135 1735 1362 1818 πρόσω
1410 1732 1537 1797 ἀπὸ
1583 1743 1718 1798 τῶν
1758 1736 2073 1816 φορτίων.
2147 1737 2306 1810 τοὺς
2343 1730 2417 1799 δὲ
2459 1734 2966 1820 Καρχηδονίους

463 1839 779 1923 ἐκβάντας
825 1837 1246 1925 σκέπτεσθαι,
1293 1837 1399 1907 καὶ
1445 1839 1530 1923 ἢν
1577 1836 1699 1924 μὲν
1740 1844 2058 1925 φαίνηταί
2094 1858 2216 1927 σφι
2254 1840 2434 1920 ἄξιος
2471 1841 2506 1906 ὁ
2547 1842 2793 1926 χρυσὸς
2831 1852 2966 1905 τῶν

464 1946 746 2032 φοτίων,
821 1946 1207 2032 ἀνελόμενοι
1281 1948 1847 2029 ἀπαλλάσσονται,
1920 1948 2005 2032 ἦν
2080 1946 2153 2015 δὲ
2226 1950 2313 2034 μὴ
2383 1950 2593 2033 ἄξιος,
2659 1948 2968 2032 ἐσβάντες

355 2125 371 2133 ,
464 2057 672 2122 ὀπίσω
728 2055 795 2133 ἐς
848 2057 928 2120 τὰ
982 2060 1181 2121 πλοῖα
1235 2054 1565 2121 κατέαται·
1624 2056 1694 2119 οἱ
1747 2052 1820 2119 δὲ
1874 2060 2361 2141 προσελθόντες
2410 2059 2616 2122 ἄλλον
2661 2058 2826 2142 πρὸς
2872 2051 2968 2121 ὧν

465 2168 717 2248 ε”θηκαν
763 2165 1047 2247 χρυσὸν,
1104 2162 1169 2240 ἐς
1216 2158 1298 2228 οὗ
1344 2161 1427 2227 ἀν
1486 2165 1791 2227 πείθωσι.
1875 2162 2162 2228 ἀδικέειν
2211 2161 2284 2229 δὲ
2341 2162 2759 2245 οὐδετέρους·
2817 2163 2970 2228 οὔτε

463 2273 587 2356 γὰρ
646 2270 889 2347 αὐτοὺς
942 2279 1063 2335 τοῦ
1117 2279 1372 2356 χρυσοῦ
1428 2271 1756 2334 ἅπτεσθαι
1810 2268 1970 2357 πρὶν
2025 2272 2110 2336 ἄν
2170 2289 2290 2355 σφι
2337 2270 2647 2356 ἀπισωθῇ
2692 2279 2771 2355 τῇ
2806 2270 2968 2356 ,ἀξίῃ

466 2390 597 2445 τῶν
661 2380 988 2464 φορτίων,
1054 2374 1191 2442 οὔτ’
1259 2377 1553 2452 ἐκείνους
1614 2386 1750 2440 τῶν
1814 2379 2112 2460 φορτίων
2169 2379 2494 2443 ἅπτεσθαι
2547 2380 2872 2463 πρότερον
2927 2377 2967 2460 ἢ

467 2483 651 2551 αὐτοὶ
718 2487 793 2551 τὸ
857 2487 1139 2570 χρυσίον
1204 2485 1473 2567 λάβωσι.
1582 2482 1728 2548 Una
1792 2506 1947 2548 voce
2010 2485 2256 2569 liquere
2322 2486 2539 2570 aiunt,
2610 2486 2769 2550 haec
2833 2484 2970 2549 auri

468 2592 844 2660 commercia
882 2592 1206 2676 pertinere
1244 2592 1323 2655 ad
1361 2591 1657 2677 regiones
1688 2613 1851 2676 quae
1880 2616 1918 2656 a
1950 2593 2214 2658 meridie
2245 2593 2375 2657 sint
2403 2593 2624 2680 magni
2653 2592 2889 2657 deserti
2903 2589 2973 2677 1),

469 2702 639 2787 quod
683 2723 814 2765 11011
859 2699 985 2765 nisi
1032 2698 1138 2763 hic
1184 2722 1411 2763 aurum
1457 2698 1839 2784 inveniatur,
1887 2700 2002 2766 ubi
2047 2701 2214 2765 hanc
2259 2698 2569 2764 mercium
2606 2703 2971 2783 permutan-

469 2810 691 2874 darum
746 2807 1272 2873 consuetudinem
1327 2806 1498 2871 inter
1552 2808 1785 2889 Niyros
1829 2809 2224 2891 Maurosque
2277 2807 2563 2872 nondum
2620 2805 2973 2870 exolevisse

468 2920 718 2982 constat
730 2912 801 3002 ²).
881 2914 973 2979 At
1018 2937 1098 2978 ne
1146 2915 1240 2979 ibi
1290 2913 1550 2998 quidem
1595 2936 1821 2978 aurum
1859 2914 1929 2978 in
1966 2938 2078 2980 ora
2114 2914 2438 2979 maritima
2475 2912 2815 2998 reperitur,
2862 2913 2974 2977 sed

468 3027 854 3109 apportatur
909 3045 988 3089 ex
1044 3021 1543 3087 mediterraneis
1639 3021 1801 3086 Cum
1845 3045 1995 3087 vero
2045 3045 2239 3107 supra
2283 3021 2657 3107 viderimus,
2710 3019 2974 3087 Aethio-

468 3155 585 3216 pas
633 3130 915 3215 antiquis
962 3129 1369 3213 temporibus
1412 3152 1545 3193 non
1591 3129 1802 3194 solum
1846 3133 2052 3193 totam
2097 3130 2427 3196 habitasse
2474 3130 2813 3212 Saharam,
2861 3128 2974 3192 sed

471 3239 665 3304 etiam
711 3239 881 3303 ultro
930 3237 1439 3321 septentrionem
1482 3258 1704 3301 versus
1733 3239 2093 3320 -protensos
2138 3239 2353 3321 fuisse,
2398 3237 2578 3302 nulla
2620 3236 2749 3300 iam
2786 3257 2976 3300 causa

471 3351 567 3411 est
631 3368 743 3410 cur
795 3345 1111 3410 Herodoti
1173 3344 1553 3409 relationem
1608 3343 1688 3407 ad
1742 3343 2056 3427 Seneyalis
2117 3345 2297 3410 fluvii
2363 3345 2540 3429 ripas
2605 3344 2972 3408 referamus.

468 3455 733 3519 Praesto
790 3452 961 3518 enim
1009 3456 1160 3517 sunt
1206 3451 1401 3516 medii
1448 3450 1587 3516 aevi
1636 3451 1957 3535 exempla,
2006 3451 2243 3535 quibus
2291 3476 2369 3517 ex
2417 3452 2722 3517 interiore
2768 3455 2976 3515 terrae

470 3565 654 3645 parte
709 3560 847 3625 auri
898 3560 1180 3644 amplam
1229 3557 1481 3642 copiam
1527 3558 1596 3622 in
1641 3557 2013 3622 inferiorem
2057 3559 2526 3624 Mauretaniam
2572 3559 2785 3623 afferri
2830 3581 2975 3642 pro-

471 3666 745 3754 batur3).
834 3666 1057 3746 Usque
1113 3666 1194 3730 ad
1248 3666 1577 3730 borealem
1630 3665 1836 3751 igitur
1889 3667 2126 3732 deserti
2178 3664 2373 3732 finem
2429 3670 2592 3751 puto
2647 3665 2976 3751 Carthagi-

470 3776 724 3841 nienses
780 3774 1067 3840 Gadibus
1130 3773 1405 3858 profecti
1461 3752 1895 3856 pervenerunt
1950 3773 2172 3858 ibique
2229 3796 2420 3859 agere
2477 3774 2774 3838 solebant
2831 3796 2975 3839 cum

474 3882 860 3948 continentis
913 3881 1245 3968 aurilegis3
1300 3885 1373 3945 ut
1418 3903 1569 3946 vero
1617 3864 1928 3946 maiorem
1975 3904 2053 3945 ex
2100 3881 2203 3946 his
2249 3881 2650 3946 commerciis
2694 3882 2978 3947 fructum

471 3990 878 4075 perciperent
926 3989 1193 4055 coloniis
1231 3987 1507 4053 conditis
1554 3989 1904 4073 sperabant
1943 4011 2009 4053 se
2049 3989 2389 4053 effecturos
2428 4011 2565 4052 esse
2579 3987 2651 4076 4“).
2726 3991 2976 4067 Quanta
3025 4010 3029 4015 ’

472 4102 687 4163 autem
733 4120 959 4181 reapse
1005 4097 1343 4162 Hannonis
1390 4096 1665 4161 urbibus
1712 4095 2062 4160 aedificatis
2108 4119 2322 4161 rerum
2368 4097 2760 4180 permutatio
2807 4097 2976 4160 facta

474 4206 559 4271 sit
604 4204 887 4270 ostendit
937 4203 1219 4288 Scylacis
1265 4204 1557 4289 periplus
1604 4202 1673 4292 (ξ
1713 4201 1890 4290 112).

654 4384 707 4451 1)
746 4381 812 4435 cf.
856 4380 1092 4435 Mueller
1119 4382 1326 4451 proleg.
1365 4400 1425 4449 p..
1449 4379 1672 4434 XXVII.
1747 4379 1980 4435 Meltzer
2016 4399 2072 4449 p.
2108 4384 2228 4436 233.

651 4477 707 4540 2)
746 4470 815 4527 cf.
854 4470 1089 4525 Mueller
1118 4471 1323 4543 proley.
1362 4489 1415 4539 p.
1444 4468 1653 4523 XXVII
1691 4468 1818 4524 adn.
1851 4474 1897 4525 1.
1966 4467 2162 4522 Fitzau
2200 4468 2303 4525 1.1.
2342 4487 2393 4537 p.
2427 4473 2547 4523 263.

653 4565 704 4631 3)
742 4560 810 4616 cf.
846 4559 1079 4615 Peschel
1117 4579 1173 4629 p.
1203 4564 1273 4614 50
1309 4559 1435 4615 adn.
1466 4564 1514 4613 2.
1572 4578 1624 4628 p.
1658 4564 1743 4613 56.

599 4687 602 4690 >
652 4655 707 4720 4)
747 4650 815 4705 cf.
855 4649 1066 4706 Goebel
1101 4670 1152 4719 p.
1185 4655 1269 4704 66.
