3467 5334
557 371 643 437 38
1678 368 1865 441 Caput
1900 369 1942 425 Ι.

560 534 793 601 Strabo
841 532 933 622 (X
979 537 1039 618 2,
1089 536 1170 600 19
1219 557 1281 618 p.
1328 533 1458 599 458
1481 531 1546 598 C.
1612 534 1689 597 cf.
1736 534 1920 598 Eust.
1968 533 2049 597 ad
2093 532 2170 599 D.
2216 531 2287 597 P.
2334 529 2590 619 431)1):
2639 479 2818 596 vides
2862 528 3069 596 neuti-

559 664 753 726 quam
814 641 892 705 de
949 640 1230 724 simplici
1285 640 1569 707 fluminis
1625 641 1958 705 cuiusdam
2018 640 2186 705 ostio
2242 639 2428 704 illum
2485 639 2834 704 terminum
2890 660 3068 702 usur-

558 748 718 833 pari.
800 746 1085 834 Egregie
1121 769 1272 811 vero
1319 746 1432 811 illa
1466 746 1800 811 Eustathii
1847 746 2297 831 interpretatio
2343 747 2638 811 firmatur
2682 745 2850 831 inde,
2897 744 3069 829 quod

560 854 796 921 Strabo
843 853 997 942 (VII
1043 856 1102 938 6,
1148 857 1190 920 2
1237 877 1299 937 p.
1347 854 1478 919 320
1501 850 1579 939 G)
1635 853 1838 918 ‘aurei
1893 855 2149 920 cornus'
2203 855 2481 939 figuram
2524 852 2700 917 hisce
2748 852 3070 939 depingit:

561 965 832 1039 Κόλπος
879 960 1109 1038 ἐοικὼς
1154 959 1410 1044 ἐλάφου
1445 958 1699 1046 κέρατι·
1746 963 1842 1038 εἰς
1878 962 2006 1047 γὰρ
2043 962 2394 1038 πλείστους
2429 963 2712 1045 σχίζεται
2751 962 3065 1042 κόλπους,

562 1069 651 1146 ὡς
706 1067 791 1134 ἄν
843 1069 1131 1146 κλάδους
1193 1067 1397 1144 τινάς.
1486 1065 1664 1132 Ν11111
1719 1068 1994 1152 (16111(1116
2051 1071 2176 1153 est,
2240 1089 2354 1132 cur
2416 1067 2493 1132 (16
2547 1066 3070 1152 frequentissimo

562 1176 739 1241 illius
800 1174 1066 1241 voculae
1140 1178 1260 1260 11511
1325 1173 1665 1239 moneam?
1744 1172 2073 1239 Nimirum
2136 1173 2512 1258 saepissime
2586 1174 2932 1239 exhibetur
2995 1174 3072 1238 de

564 1283 885 1348 montium
947 1281 1329 1366 verticibus,
1395 1280 1471 1346 de
1536 1281 2032 1366 promunturiis,
2097 1304 2260 1365 quae
2321 1282 2514 1367 longe
2579 1281 2950 1365 prominent
3005 1281 3073 1345 in

569 1412 895 1455 oceanum.
981 1388 1352 1454 Communis
1389 1393 1606 1454 autem
1652 1388 1943 1454 omnium
1981 1388 2328 1472 explicatio
2374 1411 2507 1454 non
2544 1389 2755 1454 solum
2799 1389 3078 1472 vacillat,

565 1497 679 1561 sed
726 1500 955 1580 suapte
999 1500 1232 1561 natura
1286 1518 1551 1580 prorsus
1600 1495 1904 1565 concidit.
1995 1494 2270 1560 Veniam
2315 1494 2518 1581 igitur
2572 1496 2727 1579 peto
2737 1546 2755 1580 ,
2810 1494 2865 1559 si
2914 1517 3076 1579 (11136

567 1627 605 1668 3
649 1604 904 1691 vulgari
951 1604 1063 1669 illo
1111 1607 1419 1687 computo
1465 1603 1588 1668 hac
1633 1606 1889 1668 tantum
1934 1601 2124 1666 illave
2171 1624 2240 1667 re
2285 1600 2653 1686 discrepant
2699 1601 3082 1689 singillatim

568 1712 850 1777 refutare
899 1710 1282 1795 supersedeo
1299 1706 1371 1796 ²).

743 1817 974 1902 Neque
1019 1840 1170 1883 vero
1218 1816 1581 1885 minoribus
1624 1816 1805 1882 vitiis
1849 1816 2170 1901 laborant,
2219 1839 2383 1901 quae
2427 1816 2689 1904 longius
2735 1818 2818 1882 ab
2869 1839 2944 1882 eo
2992 1839 3084 1881 re-

569 1925 868 1989 cedentes
930 1923 1308 1989 Mannertus
1379 1923 1441 2011 (I
1504 1947 1567 2008 p.
1626 1920 1743 2010 66)
1819 1927 1885 1988 et
1947 1923 2465 2010 Bougainvillius
2537 1921 2632 2011 (p.
2693 1920 2807 2010 17)
2881 1924 3085 2008 suspi-

570 2032 698 2097 cati
755 2035 932 2096 sunt:
987 2029 1326 2096 Hannonis
1381 2033 1635 2095 montes
1689 2030 1960 2097 silvosos
2006 2053 2144 2095 6556
2199 2031 2577 2097 hodiernam
2625 2030 2843 2097 Sierra
2887 2024 3088 2097 Leon'e

568 2138 1035 2224 paeninsulam,
1080 2137 1471 2222 Hesperium
1516 2137 2041 2222 promunturium
2087 2138 2222 2220 Gap
2259 2138 2539 2204 Palmas.
2629 2136 2803 2203 Nam
2848 2137 3084 2202 distan-

570 2246 811 2310 tiarum
854 2249 1043 2311 notas
1086 2245 1183 2310 nil
1228 2267 1483 2310 curasse
1520 2244 1822 2310 videntur
1867 2245 1963 2309 illi
2012 2244 2392 2332 geographi,
2438 2245 2658 2309 forsan
2704 2267 2846 2310 eam
2883 2244 3086 2310 secuti

572 2351 963 2418 sententiam
1010 2375 1204 2437 quam
1257 2352 1604 2417 novissime
1630 2353 1983 2436 *professus
2030 2356 2130 2417 est
2174 2351 2510 2436 Berlioux,
2570 2351 2752 2417 6111115
2805 2352 3088 2436 1611(11135

571 2458 853 2542 ineptias
908 2459 1082 2542 apud
1134 2458 1352 2543 ipsum
1405 2458 1600 2522 velim
1654 2458 1979 2545 perlegas,
2035 2480 2182 2523 cum
2232 2457 2471 2523 diceret
2517 2456 2612 2546 (p.
2650 2456 2794 2547 23):
2851 2458 3089 2524 ‘Avant

573 2567 721 2639 tout
766 2563 815 2628 il
860 2566 1000 2630 faut
1046 2564 1272 2629 traiter
1317 2563 1598 2630 Hannon
1654 2586 1902 2630 comme
1950 2588 2038 2630 un
2084 2565 2238 2630 chef
2276 2565 2354 2629 de
2400 2588 2632 2652 guerre
2678 2589 2830 2632 avec
2875 2564 3090 2651 lequel

576 2693 660 2736 on
704 2693 787 2735 ne
834 2671 1081 2738 discute
1127 2695 1246 2757 pas
1293 2695 1539 2738 comme
1586 2694 1741 2738 avec
1786 2694 1876 2737 un
1922 2671 2419 2759 grammairien.'

755 2778 923 2855 Quid
986 2779 1261 2865 denique
1335 2780 1544 2845 dicam
1616 2779 1694 2844 de
1769 2778 2358 2845 recentissimorum
2430 2779 2860 2864 interpretum
2924 2801 3089 2845 com-

576 2884 856 2950 mentis?
910 2884 1185 2951 Entzius
1221 2883 1315 2973 (p.
1344 2888 1433 2952 40
1456 2881 1625 2971 sqq.)
1670 2884 2010 2950 Hannonis
2047 2891 2301 2951 montes
2347 2885 2725 2973 recognovit
2770 2886 2840 2950 in
2875 2887 3092 2953 Sierra

576 2994 779 3057 Leon-e
832 2992 1313 3078 promunturiO,
1369 2992 1702 3079 ingentem
1756 2991 1952 3056 maris
2006 2992 2258 3059 hiatum
2312 2993 2381 3058 in
2427 2995 2726 3061 Sherboro
2772 2994 2944 3080 sinu,
3000 2995 3093 3059 in-

575 3098 783 3167 sulam
810 3095 1138 3185 Ἑσπέρου
1176 3096 1398 3185 κέρατι
1437 3099 1835 3164 adiacentem
1873 3099 2181 3184 apposuit
2216 3102 2351 3166 fere
2387 3101 2699 3166 hodierno
2731 3100 2866 3184 Gap
2899 3102 3095 3168 Three

578 3206 833 3285 Pointae
898 3205 1039 3271 Mer
1084 3204 1177 3294 (p.
1216 3207 1301 3272 43
1324 3202 1494 3292 sqq.)
1559 3205 1832 3293 cogitari
1896 3206 2087 3272 iussit
2151 3207 2229 3273 de
2293 3207 2747 3292 promunturio
2812 3208 3091 3295 PalmaS,

579 3314 658 3378 de
719 3312 968 3379 Guinea
1022 3312 1194 3398 sinu,
1258 3313 1335 3378 de
1391 3313 1536 3378 sinu
1591 3317 1663 3380 de
1716 3314 1958 3400 Benin,
2024 3335 2216 3398 quem
2280 3336 2482 3399 usque
2547 3315 2628 3379 ad
2690 3316 3095 3401 cognominis

580 3420 762 3485 fluvii
800 3419 1041 3484 ostium
1070 3418 1635 3507 Carthaginienses
1662 3420 2120 3507 pernavigasse
2159 3422 2518 3487 autumavit
2529 3419 2599 3510 3).
2674 3422 2848 3499 Quae
2878 3424 3094 3488 omnia

581 3529 674 3593 ita
739 3526 1108 3613 excogitata
1170 3530 1348 3610 sunt,
1412 3531 1485 3592 ut
1549 3527 1722 3593 iusto
1787 3527 2037 3612 proelio
2103 3550 2177 3592 ea
2241 3528 2625 3615 impugnare
2689 3530 2798 3594 vix
2860 3552 3094 3614 operae

582 3633 867 3719 pretium
905 3632 1007 3697 sit.
1079 3632 1298 3718 Atque
1335 3633 1539 3701 Merio
1581 3634 1840 3720 quidem
1878 3635 2163 3721 ignoscO,
2211 3635 2321 3720 qui
2367 3635 2570 3701 habet
2617 3637 3096 3703 excusationem

585 3739 989 3828 ignorantiae
1054 3741 1368 3807 sermonis
1433 3740 1689 3809 Graeci:
1762 3742 2061 3823 videficet
2124 3741 2561 3808 Maltebrunio
2636 3745 2915 3810 confisus
2979 3749 3096 3831 est,

588 3848 700 3931 qui
745 3847 1085 3913 Hannonis
1142 3848 1344 3914 verba
1403 3849 1663 3916 ἐκεῦθεν
1709 3848 1825 3938 (sc.
1874 3851 2002 3917 ἀπὸ
2049 3851 2381 3936 χάσματος
2425 3848 2825 3939 ἆμετρήτου)
2872 3851 3096 3918 ἐπλέο-

587 3978 712 4039 μεν
757 3956 853 4032 εἰς
896 3955 1370 4042 τοῦμπροσθεν
1414 3956 1662 4044 ἡμέρας
1705 3957 1900 4024 πέντε
1945 3957 2039 4023 ita
2078 3958 2301 4022 vertit:
2349 3957 2570 4042 ‘ayant
2608 3956 2774 4023 suivi
2810 3959 3097 4044 pendant

589 4061 739 4146 cinq
777 4062 959 4147 jours
1002 4061 1099 4127 les
1146 4066 1322 4128 cotes
1361 4064 1439 4129 (16
1477 4086 1547 4129 66
1585 4064 1786 4152 golfe'
1824 4087 1876 4129 6.
1916 4088 1974 4150 q.
2013 4087 2061 4130 s.
2143 4063 2379 4130 Entzio
2418 4067 2652 4151 tamen,
2700 4064 2944 4151 quippe
2984 4067 3096 4153 qui

588 4191 737 4199 ‘—

770 4259 822 4325 1)
875 4255 1150 4312 Similiter
1204 4256 1356 4327 apud
1409 4256 1642 4312 Latinos
1698 4256 1865 4312 Nilus
1922 4256 2130 4313 dicitur
2185 4257 2439 4327 digestus
2493 4257 2556 4312 in
2612 4262 2832 4330 septem
2887 4277 3097 4316 cornua

590 4344 683 4415 (cf.
724 4344 822 4402 Ov.
861 4345 995 4401 Met.
1034 4342 1113 4399 IX
1151 4347 1294 4416 774).

773 4439 827 4504 2)
865 4435 1020 4501 Quae
1050 4432 1378 4503 longissime
1410 4452 1445 4489 a
1469 4451 1600 4490 vero
1626 4435 1891 4490 aberrant
1918 4434 2210 4505 opiniones
2240 4437 2494 4492 consulto
2523 4438 2713 4492 taceo:
2743 4438 2810 4492 cf.
2835 4437 3093 4494 Gosselin

591 4542 645 4594 p.
677 4530 762 4579 93.
802 4529 886 4580 94.
953 4523 1201 4580 Lelewel
1235 4541 1290 4594 p.
1319 4529 1384 4578 81
1405 4541 1486 4592 sq.
1551 4523 1792 4579 Rennell
1828 4544 1882 4594 p.
1913 4529 2017 4579 910
2033 4543 2116 4594 sq.
2180 4527 2401 4580 Heeren
2436 4526 2489 4580 ΙΙ
2526 4545 2582 4597 p.
2614 4532 2716 4580 715
2739 4543 2860 4595 sqq.

771 4616 827 4684 3)
866 4612 967 4667 His
1005 4612 1068 4667 in
1103 4613 1422 4669 universum
1460 4612 1767 4668 assentitur
1804 4613 2197 4669 Scharnickius
2233 4633 2287 4685 p.
2318 4620 2440 4672 398.
