3467 5334
1366 381 1449 436 De
1485 380 1780 436 Hannonis
1817 381 2036 436 itinere.
2877 384 2958 447 13

452 546 681 612 Cantin
728 538 1178 628 promunturio
1228 544 1738 627 septentrionem
1783 568 2005 610 versus
2052 544 2277 610 dissito
2329 569 2534 630 prope
2580 548 2958 613 hodiernam

450 650 868 738 Bedd0u2a1).

625 760 765 824 Iam
802 783 953 824 vero
994 761 1074 824 ad
1112 759 1426 824 orientem
1465 760 1667 825 solem
1705 783 1964 827 cursum
2002 766 2366 847 tenuerunt,
2413 764 2566 849 ἄχρι
2603 762 2958 849 ἐκομίσθη-

448 891 570 951 μεν
619 907 700 914 -
751 867 962 952 inquit
1008 867 1243 932 Hanno
1293 907 1374 913 -—
1424 870 1520 944 ε’ἰς
1564 870 1809 953 λίμνην
1865 869 1947 934 οὐ
2004 872 2231 956 πόρρω
2288 879 2405 954 τῆς
2448 871 2784 955 θαλάττης
2827 896 2958 937 κει-

449 973 687 1060 μένην,
744 977 1050 1061 καλάμου
1095 977 1340 1060 μεστὴν
1385 981 1638 1042 πολλοῦ
1693 975 1804 1043 καὶ
1859 979 2179 1062 μεγάλου·
2244 977 2491 1061 ἐνῆσαν
2537 974 2612 1044 δὲ
2665 977 2777 1043 καὶ
2823 977 2958 1044 ἐλέ-

450 1107 694 1166 φαντες
740 1081 850 1149 καὶ
906 1085 1072 1148 ἄλλα
1125 1086 1335 1169 θηρία
1391 1085 1722 1167 νεμόμενα
1779 1085 2152 1169 πάμπολλα.
2235 1084 2409 1161 Quae
2447 1085 2646 1149 verba
2683 1084 2955 1149 multam

448 1189 786 1253 dubitandi
832 1189 1167 1254 materiam
1213 1191 1665 1274 praebuerunt.
1747 1189 1919 1256 Nam
1957 1215 2103 1257 cum
2141 1195 2207 1255 et
2243 1192 2629 1257 vetustiores
2641 1190 2695 1279 2)
2742 1197 2807 1256 et
2844 1192 2956 1277 qui

448 1296 816 1380 nuperrime
856 1299 920 1359 et
959 1296 1450 1382 diligentissime
1499 1298 1829 1362 occiduam
1865 1299 2109 1383 Libyae
2149 1322 2327 1364 oram
2363 1299 2748 1383 perscrutati
2788 1304 2958 1383 sunt,

447 1402 709 1467 Hooker
767 1407 830 1467 et
874 1402 1121 1467 Ballius
1134 1400 1187 1489 3)
1241 1427 1464 1489 reapse
1518 1405 1704 1470 illum
1759 1410 2037 1470 tractum
2081 1406 2463 1490 paludosum
2510 1411 2575 1471 et
2621 1407 2957 1471 iuncosum

446 1532 584 1573 esse
629 1514 951 1574 testentur
997 1547 1080 1558 --
1129 1510 1295 1575 ‘true
1351 1511 1404 1575 it
1459 1511 1558 1597 is’‚
1623 1512 1824 1597 aiunt,
1891 1513 2056 1577 ‘that
2123 1514 2317 1577 south
2375 1513 2447 1578 of
2498 1514 2666 1599 Cape
2725 1513 2958 1580 Cantin

445 1618 626 1681 there
674 1640 779 1682 are
826 1622 956 1681 two
1005 1616 1209 1702 shligt
1255 1618 1710 1701 indentationS‚
1757 1641 1930 1684 mere
1978 1642 2192 1705 coves,
2240 1621 2453 1684 where
2500 1622 2613 1685 the
2659 1622 2811 1686 land
2856 1623 2958 1687 for

443 1746 479 1786 a
535 1725 717 1789 short
773 1724 1059 1788 distance
1113 1724 1334 1789 trends
1381 1728 1448 1789 to
1505 1726 1617 1789 the
1674 1726 2061 1791 south-east'
2111 1765 2215 1810 -—-,
2260 1728 2383 1791 hoc
2437 1727 2530 1791 ita
2585 1751 2723 1793 esse
2778 1752 2954 1814 prae-

443 1832 643 1896 fracte
689 1837 886 1918 negat
932 1831 1252 1897 Tissotius
1299 1831 1368 1920 (l.
1412 1833 1451 1896 l.
1500 1857 1558 1917 p.
1590 1831 1771 1920 249),
1818 1833 1928 1918 qui
1976 1833 2171 1898 etiam
2220 1834 2296 1898 de
2348 1835 2586 1916 Tonsift
2636 1836 2816 1901 fluvii
2864 1837 2954 1901 in-

442 1940 901 2004 undationibus
966 1939 1241 2025 cogitari
1295 1939 1520 2003 vetuit.
1610 1940 1792 2004 Idem
1854 1940 2318 2006 demonstravit
2382 1942 2575 2007 certis
2638 1943 2953 2028 iustisque

441 2048 870 2133 argumentis,
932 2046 1097 2111 hanc
1163 2069 1311 2111 orae
1374 2052 1627 2132 partem
1692 2048 1889 2112 maris
1953 2048 2018 2112 vi
2083 2053 2276 2133 atque
2339 2049 2586 2134 impetu
2642 2050 2954 2115 maximas

440 2154 577 2237 pati
625 2155 831 2219 solere
877 2153 1292 2219 mutationes:
1359 2154 1469 2219 ‘on
1511 2155 1781 2240 pouvait
1829 2156 2100 2241 encore’‚
2154 2156 2368 2240 inquit
2413 2181 2472 2241 p.
2513 2159 2662 2241 250,
2709 2158 2781 2222 ‘il
2826 2183 2867 2242 y
2916 2182 2953 2222 a

439 2260 625 2346 vingt
671 2284 786 2325 ans
831 2261 1061 2347 longer
1104 2261 1200 2325 les
1244 2267 1562 2346 remparts
1611 2262 1722 2347 qui
1771 2262 2115 2327 defendent
2151 2262 2292 2327 Asfi
2340 2264 2424 2328 du
2468 2267 2611 2328 cote
2659 2265 2736 2328 de
2783 2265 2953 2329 l‘est:

437 2367 502 2430 la
559 2390 696 2432 mer
759 2368 854 2433 les
919 2368 1155 2454 baigne
1223 2368 1720 2453 completement
1786 2368 2203 2452 aujourd'hui.
2295 2369 2426 2433 Des
2486 2369 2817 2435 habitants
2874 2371 2951 2435 de

435 2474 752 2560 Mogador
787 2477 986 2540 m’ont
1026 2475 1120 2539 dit
1158 2475 1336 2539 avoir
1372 2498 1457 2540 vu
1505 2476 1553 2539 il
1598 2500 1640 2560 y
1688 2499 1726 2539 a
1762 2475 1974 2540 moins
2013 2475 2161 2539 d’un
2207 2474 2594 2540 demi-siecle
2639 2476 2735 2541 les
2780 2481 2950 2542 trou-

434 2603 645 2666 peaux
689 2605 909 2667 passer
954 2582 1325 2647 facilement
1371 2586 1409 2646 a
1454 2585 1667 2647 maree
1724 2583 1910 2647 basse
1959 2583 2044 2647 du
2092 2582 2426 2647 continent
2474 2583 2630 2647 dans
2676 2583 2831 2667 l'ile‚
2887 2585 2951 2648 la

435 2692 643 2752 meme
710 2696 794 2753 ou
856 2690 920 2753 la
983 2712 1170 2774 passe
1233 2692 1532 2773 presente
1598 2690 2000 2774 aujourd'hui
2057 2712 2181 2754 une
2243 2689 2637 2773 profondeur
2698 2691 2775 2754 de
2822 2693 2866 2756 4
2912 2695 2951 2755 a

435 2795 478 2859 5
525 2793 873 2883 metres’4).
950 2796 1124 2873 Quae
1173 2818 1319 2860 cum
1365 2796 1457 2860 ita
1503 2797 1650 2882 sint,
1697 2797 1853 2882 quid
1899 2797 2162 2881 mirum,
2199 2780 2506 2881 “paludem
2554 2797 2733 2861 illam
2778 2798 2948 2862 Han·
3033 2812 3037 2816 “

433 2903 623 2967 nonis
668 2907 880 2969 aetate
927 2904 1089 2968 mari
1137 2903 1549 2990 adiacentem,
1597 2905 1796 2969 altam
1840 2906 2079 2985 Tensift
2122 2904 2302 2968 fluvii
2341 2904 2739 2988 aliorumque
2786 2905 2948 2969 rivo-

435 3032 580 3073 rum
627 3012 809 3095 aquis
857 3012 966 3076 diu
1011 3011 1142 3075 iam
1179 3011 1375 3076 maris
1411 3012 1717 3077 fluctibus
1754 3013 2055 3076 haustam
2100 3011 2441 3077 interisse?
2497 3012 2714 3077 Minus
2753 3013 2949 3077 etiam

437 3117 810 3182 offensionis
854 3119 1080 3202 habet,
1127 3120 1300 3203 quod
1343 3119 1414 3183 in
1459 3120 1572 3184 illo
1618 3119 1764 3183 lacu
1812 3120 2125 3184 elefantos
2172 3119 2369 3183 fuisse
2415 3119 2650 3185 Hanno
2696 3124 2949 3184 narrat:

436 3246 598 3307 quos
606 3275 624 3308 ‚
683 3225 934 3312 etiamsi
987 3247 1158 3290 nunc
1214 3227 1386 3292 ultra
1432 3227 1787 3310 Seneyalem
1840 3227 2109 3292 fluvium
2152 3249 2285 3291 non
2330 3232 2648 3314 vagantur
2661 3225 2714 3314 5)
2723 3279 2739 3311 ‚
2788 3228 2948 3291 anti-

433 3331 760 3415 quissimis
825 3333 1228 3417 temporibus
1294 3334 1490 3399 etiam
1563 3332 2139 3418 septentrionalem
2201 3334 2477 3418 Libyam
2541 3335 2947 3400 infestavisse

434 3460 580 3502 cum
633 3444 881 3505 veteres
928 3446 1222 3506 auctores
1269 3441 1564 3526 saepiens
1619 3444 1821 3506 testes
1878 3445 2029 3505 sunt
2084 3439 2191 3528 (cf.
2236 3440 2508 3507 Aristot.
2558 3443 2635 3506 de
2692 3443 2846 3507 coel.
2883 3443 2948 3509 Π

436 3547 535 3610 14.
581 3546 679 3610 15.
751 3547 912 3612 Plin.
943 3547 1099 3613 VIII
1136 3551 1193 3614 2.
1234 3551 1337 3614 32.
1414 3548 1539 3613 Cic.
1578 3549 1659 3612 ad
1693 3549 1843 3613 fam.
1873 3547 1964 3612 IX
1994 3547 2065 3636 6)
2103 3554 2244 3614 tum
2280 3551 2558 3635 probant
2596 3555 2660 3614 et
2698 3550 2945 3615 Maure-

430 3652 644 3717 taniae
713 3653 885 3719 haud
948 3654 1137 3739 pauci
1201 3654 1450 3719 nummi
1525 3655 1951 3722 elefantorum
2027 3656 2243 3743 effigie
2309 3657 2519 3722 ornati
2532 3655 2587 3743 ⁶)
2652 3662 2718 3722 et
2782 3681 2944 3743 quae

611 3833 661 3898 1)
701 3830 771 3887 cf.
812 3831 1004 3886 Tissot
1037 3850 1095 3901 p.
1124 3837 1250 3887 246.

609 3923 663 3988 2)
701 3921 769 3974 cf.
807 3920 1072 3988 Jaokson‚
1112 3938 1189 3975 an
1226 3927 1458 3977 account
1492 3922 1562 3989 of
1588 3923 1674 3977 the
1709 3923 1910 3992 empire
1946 3923 2013 3988 of
2044 3923 2318 3978 Marololoo
2354 3942 2409 3993 p.
2440 3929 2525 3980 45.

609 4011 663 4076 3)
701 4010 972 4065 Marokko
1010 4012 1124 4065 and
1160 4011 1247 4066 the
1283 4016 1436 4081 yreat
1471 4011 1637 4066 Atlas
1673 4030 1727 4080 p.
1760 4017 1882 4066 372.
1956 4011 2077 4066 Mer
2111 4030 2167 4081 p.
2199 4018 2266 4067 27
2296 4013 2424 4068 adn.

609 4100 667 4167 4)
705 4097 788 4152 De
818 4098 1017 4155 eodem
1047 4115 1179 4154 orae
1207 4102 1395 4156 tractu
1422 4100 1575 4156 idem
1605 4101 1838 4170 exponit
1863 4100 1924 4155 T.
1951 4100 2330 4174 HodgkiniuS,
2362 4120 2435 4158 on
2461 4119 2603 4160 some
2628 4106 2943 4174 superficial

431 4186 731 4257 yeoloyical
776 4206 1148 4259 appearances
1193 4192 1256 4245 in
1293 4190 1497 4246 North·
1513 4190 1758 4245 Western
1796 4190 2078 4246 Morocco:
2116 4208 2271 4261 proc
2320 4193 2389 4260 of
2415 4193 2503 4248 the
2535 4211 2582 4248 r.
2618 4211 2793 4264 yeoyr.
2836 4209 2942 4248 soc.

432 4279 587 4343 1864,
625 4275 703 4328 IX
739 4295 793 4345 p.
824 4283 919 4345 243
959 4277 1029 4332 cf.
1070 4276 1294 4334 Schnell
1328 4297 1382 4349 p.
1415 4284 1504 4334 38.

608 4367 664 4435 5)
703 4365 772 4418 cf.
810 4365 1083 4434 Wallace‚
1121 4385 1297 4438 yeoyr.
1348 4369 1708 4440 Verbreitunq
1744 4371 1840 4424 der
1873 4369 2065 4424 Thiere
2100 4369 2151 4422 II
2188 4388 2244 4440 p.
2275 4377 2397 4426 257.
2463 4372 2627 4427 Atlas
2662 4373 2715 4427 d.
2752 4372 2940 4428 Thier·

426 4455 803 4525 verbo-eitum.-
840 4454 1151 4526 BerghauS‚
1183 4458 1340 4526 phys.
1375 4459 1539 4514 Atlas
1575 4458 1653 4512 VI
1691 4460 1800 4528 (ed.
1829 4457 2122 4527 Marshall)
2159 4459 2212 4512 ΙΙ
2231 4459 2297 4515 D.

609 4547 663 4614 6)
700 4545 768 4600 cf.
798 4543 1180 4614 Livingstone,
1218 4547 1551 4619 missionary
1577 4550 1776 4623 travels
1804 4550 1919 4603 and
1945 4550 2248 4604 researches
2273 4551 2338 4604 in
2364 4550 2770 4619 South-Africa
2804 4558 2938 4607 1858

426 4652 480 4703 p.
511 4640 631 4688 604.
708 4635 885 4703 Head,
923 4636 1047 4689 hist.
1085 4652 1288 4691 numm.
1327 4654 1378 4705 p.
1414 4643 1533 4690 747.
