3467 5334
1259 386 1344 440 De
1380 385 1671 440 Hannonis
1706 385 1920 439 itinere.
2765 385 2852 450 29

349 551 518 616 idem
562 551 695 615 fere
742 549 1178 633 intervallum,
1240 547 1590 633 eodemque
1639 548 1837 612 etiam
1882 548 2246 613 confectum
2291 551 2584 632 tempore
2632 570 2769 613 esse
2816 571 2855 611 a

349 657 678 722 Columnis
725 661 792 722 et
838 656 918 721 ad
966 655 1214 722 Cernen
1270 656 1548 721 insulam
1593 661 1660 720 et
1707 655 2166 741 Carthaginem
2212 678 2441 739 usque:
2498 678 2651 721 nam
2699 656 2855 740 quid

346 763 508 828 illud
563 787 700 855 esse
758 765 1069 849 dicamUS,
1126 763 1298 848 quod
1351 763 1793 849 inveniuntur,
1858 763 1969 847 qui
2025 762 2104 827 ad
2160 785 2301 827 eam
2356 762 2855 849 progrediantur

348 871 704 957 audaciam,
777 875 851 936 ut
914 871 1300 935 Hannonem
1361 893 1494 935 non
1547 871 1909 955 spatiorum
1971 870 2339 955 intervalla,
2413 869 2523 935 sed
2593 869 2852 935 nonnisi

346 984 606 1064 tempus
652 980 720 1044 in
766 983 1039 1063 utraque
1083 978 1189 1042 via
1234 978 1663 1061 percurrenda
1718 981 2175 1060 consumptum
2229 977 2590 1061 respexisse
2637 976 2853 1041 existi-

345 1087 567 1152 ment?
635 1087 800 1152 tales
863 1085 1141 1170 ineptias
1198 1084 1826 1171 Carthaginiensium
1888 1085 2211 1149 nauarcho
2268 1084 2519 1171 affingi,
2581 1083 2854 1149 Mueller

346 1194 579 1259 merito
626 1193 832 1259 vetuit
878 1192 970 1281 (p.
1001 1190 1074 1279 8)
1086 1189 1157 1278 1).
1247 1191 1472 1277 Itaque
1530 1215 1921 1277 quamquam
1982 1191 2134 1256 nolo
2196 1191 2466 1276 cogitari
2527 1192 2603 1255 de
2658 1188 2853 1255 trian-

347 1301 503 1387 gulo
552 1300 724 1384 quod
777 1303 1008 1365 vocant
1057 1301 1410 1382 ἰσοσκελεῖ,
1464 1299 1534 1363 111
1589 1321 1717 1382 quo
1774 1299 1980 1364 lineae
2028 1322 2065 1362 a
2113 1296 2444 1362 Columnis
2488 1298 2558 1362 in
2604 1297 2852 1363 Cernen

348 1409 634 1492 itemque
673 1406 1130 1494 Carthaginem
1168 1405 1394 1470 ductae
1432 1405 1718 1470 eiusdem
1757 1405 1886 1470 sint
1921 1404 2366 1491 longitudiniS,
2407 1404 2500 1470 ita
2536 1409 2611 1470 ut
2650 1406 2851 1471 Cerne

351 1519 416 1578 et
463 1513 784 1600 Carthago
833 1513 1055 1579 eodem
1101 1512 1292 1577 modo
1341 1535 1420 1577 ex
1467 1513 1731 1577 advers'o
1778 1512 2055 1595 iaceant,
2103 1534 2230 1596 quo
2278 1513 2508 1578 baseos
2555 1513 2852 1577 extremi·
2886 1578 2893 1586 ,

279 1672 284 1677 .
347 1626 514 1686 tates
552 1622 620 1686 in
656 1621 983 1707 triangulo
1024 1622 1352 1685 ἰσοσκελεῐ
1389 1618 1515 1684 sibi
1560 1617 1915 1704 oppositae,
1962 1622 2180 1683 tamen
2216 1619 2437 1685 sedulo
2485 1621 2854 1704 cavendum,

344 1750 425 1792 ne
482 1749 628 1792 cum
683 1727 1010 1812 plerisque
1066 1725 1538 1810 interpretibus
1589 1725 1941 1790 maximam
1996 1725 2166 1790 inter
2224 1729 2563 1811 utramque
2621 1727 2855 1793 distan-

343 1835 504 1899 tiam
568 1833 990 1899 concedamus
1063 1831 1507 1896 differentiam.
1606 1830 1813 1896 Immo
1879 1831 1933 1896 si
2006 1855 2143 1896 rem
2209 1833 2553 1920 diligenter
2624 1834 2857 1899 animis

346 1942 848 2027 pensitabimus,
892 1940 1032 2005 fieri
1070 1963 1202 2005 non
1248 1938 1492 2024 poterit
1540 1938 1698 2022 quin
1735 1961 1811 2003 eo
1850 1938 2327 2023 perveniamus,
2382 1944 2458 2005 ut
2503 1962 2644 2004 eam
2692 1963 2856 2025 quae

349 2049 698 2115 Columnas
744 2071 890 2113 cum
928 2046 1319 2133 Carthagine
1365 2046 1594 2133 iungat
1630 2045 1867 2109 lineam
1904 2045 2125 2130 paullo
2163 2046 2473 2111 maiorem
2512 2069 2649 2113 esse
2687 2047 2856 2113 arbi-

348 2161 594 2221 tremur
657 2156 883 2221 altera:
954 2176 1234 2238 namque
1300 2175 1446 2218 cum
1511 2151 1901 2239 Carthagine
1973 2153 2303 2236 profectus
2366 2154 2447 2218 ad
2511 2152 2855 2219 Columnas

348 2264 491 2329 vela
536 2264 842 2351 dirigeret
886 2263 1121 2327 Hanno
1132 2312 1149 2347 ,
1204 2261 1330 2325 iter
1375 2260 1807 2325 emetiebatur
1861 2260 2106 2344 optime
2154 2259 2282 2324 sibi
2339 2265 2567 2326 notum
2615 2262 2854 2326 brevis-

346 2372 634 2456 simaque
688 2371 794 2436 via
846 2371 1041 2435 finem
1096 2368 1509 2454 propositum
1555 2366 1811 2450 assequi
1866 2366 2195 2452 studebat3
2255 2371 2479 2432 contra
2533 2369 2855 2452 superatis

346 2477 677 2543 Columnis
725 2501 837 2543 ora
882 2500 1137 2561 semper
1182 2477 1241 2540 ei
1287 2475 1561 2562 legenda
1608 2478 1746 2539 erat
1792 2474 2142 2561 incognita,
2189 2478 2264 2538 ut
2306 2474 2448 2540 loca
2493 2475 2740 2561 idonea,
2785 2466 2896 2541 inx

347 2584 586 2669 quibus
651 2584 937 2649 coloniae
1011 2583 1464 2667 conderentur,
1537 2581 1997 2667 specularetur.
2101 2580 2170 2646 Si
2235 2604 2385 2647 vero
2460 2582 2699 2649 circulo
2774 2585 2855 2648 ad

345 2692 584 2756 fretum
621 2691 1012 2756 Herculeum
1048 2690 1357 2775 imposito
1396 2691 1623 2755 orbem
1661 2689 2371 2774 circumscripserimus,
2417 2690 2601 2756 cuius
2634 2691 2853 2768 radius

346 2800 431 2864 sit
468 2798 639 2863 linea
675 2798 823 2863 inde
864 2798 1096 2863 emissa
1132 2798 1608 2884 Carthaginem,
1653 2797 1723 2861 in
1757 2796 2005 2881 Libyae
2045 2819 2157 2861 ora
2198 2796 2461 2861 occidua
2499 2798 2852 2863 incidemus

346 2907 415 2970 in
479 2906 643 2970 illud
713 2906 1262 2990 promunturium,
1336 2905 1440 2970 6111
1504 2904 1573 2969 111
1637 2903 1895 2987 mappis
1966 2925 2204 2968 nomen
2267 2904 2655 2969 adscribitur
2719 2906 2853 2988 Cap

343 3013 643 3096 Bojador.
735 3012 906 3076 Hinc
960 3011 1292 3096 aliquanto
1349 3011 1858 3095 septentrionem
1911 3032 2133 3076 versus
2195 3011 2426 3095 pedem
2485 3012 2852 3097 referenteS,

304 3118 583 3184 ‘iterum
647 3118 1016 3184 deducimur
1070 3119 1139 3183 in
1204 3140 1351 3183 eum
1417 3140 1564 3182 orae
1629 3121 1935 3202 tractum,
2002 3117 2112 3202 qui
2167 3117 2337 3183 inter
2400 3120 2852 3203 promunturia

344 3225 516 3309 Juby
568 3229 633 3289 et
677 3227 962 3309 Bojador
1015 3228 1216 3310 patet.
1307 3223 1473 3289 Vide
1533 3227 1777 3308 autem,
1842 3246 2035 3308 quam
2094 3228 2246 3309 apte
2312 3247 2509 3309 supra
2568 3224 2851 3310 Scylacis

526 3474 578 3544 1)
632 3472 1012 3528 Nihilosecius
1066 3472 1274 3526 iterum
1328 3470 1481 3526 hisce
1537 3470 1702 3541 1111816
1758 3468 2001 3527 indulsit
2053 3472 2174 3525 Mer
2225 3491 2281 3543 p.
2322 3479 2406 3530 33.
2459 3481 2554 3531 39:
2609 3477 2674 3529 ut
2729 3476 2850 3530 eius

344 3563 547 3620 levitas
584 3564 643 3617 in
682 3563 837 3618 clara
872 3564 998 3617 11166
1035 3563 1303 3632 ponatur,
1352 3560 1548 3617 audias
1586 3577 1826 3630 quaeso,
1863 3577 2005 3631 quae
2043 3562 2185 3616 dicit
2217 3582 2271 3632 p.
2302 3569 2396 3618 33:
2456 3564 2559 3617 ‘La
2597 3564 2850 3619 distance

345 3653 441 3721 qui
478 3656 676 3724 separe
712 3647 1130 3705 l’embouchure
1171 3652 1245 3705 du
1275 3651 1515 3721 Senegal
1554 3652 1624 3705 de
1662 3650 1782 3705 l’ile
1821 3651 1889 3705 de
1921 3649 2101 3706 Goree
2137 3651 2285 3705 n'est
2320 3668 2428 3720 que
2467 3653 2538 3707 de
2576 3657 2847 3722 quarante

343 3741 519 3797 1161166
557 3742 832 3809 marines,
872 3741 932 3795 et
968 3740 1085 3795 l'on
1120 3740 1376 3810 pourrait
1412 3742 1637 3795 trouver
1686 3739 1826 3809 qu‘il
1862 3757 1934 3796 ne
1969 3739 2161 3796 fallait
2194 3758 2297 3810 pas
2335 3740 2475 3795 trois
2516 3743 2674 3812 Jours
2709 3760 2852 3812 pour

341 3829 481 3885 faire
520 3845 628 3884 11116
677 3829 914 3900 pareille
951 3829 1250 3885 traversee.
1326 3829 1361 3882 J
1368 3845 1398 3883 e
1435 3828 1738 3897 repondrai
1783 3829 2020 3884 d'abord
2057 3844 2166 3897 que
2214 3830 2351 3883 c'est
2395 3845 2519 3884 vers
2564 3829 2624 3883 la
2658 3831 2737 3884 fin
2773 3832 2848 3886 du

343 3917 487 3974 mois
525 3918 594 3972 de
638 3918 764 3990 J'uin
801 3935 911 3988 que
954 3917 1227 3974 l'escadre
1275 3916 1573 3971 d'Hannon
1620 3934 1655 3971 a
1692 3917 1771 3969 dfi
1808 3935 1867 3972 se
1917 3919 2145 3973 trouver
2191 3918 2333 3971 dans
2380 3934 2473 3973 666
2510 3935 2750 3990 parages
2789 3926 2848 3974 et

343 4007 475 4076 qu'a
521 4008 669 4062 cette
717 4009 935 4076 epoque
971 4009 1015 4062 il
1050 4027 1087 4078 y
1124 4022 1159 4061 6
1196 4006 1433 4063 souvent
1480 4005 1577 4061 des
1623 4005 1848 4061 calmes.
1923 4005 2011 4060 En
2058 4008 2217 4061 outre
2263 4007 2308 4061 11
2353 4010 2434 4078 s'y
2479 4008 2712 4079 produit
2749 4010 2848 4064 des

340 4097 565 4151 brumes
605 4095 979 4164 journalieres
1026 4095 1124 4166 qui
1160 4113 1230 4151 ne
1280 4112 1339 4151 66
1387 4095 1664 4167 dissipent
1710 4112 1820 4164 que
1867 4112 1991 4151 vers
2038 4096 2092 4152 le
2139 4096 2332 4152 milieu
2380 4098 2447 4152 de
2495 4097 2553 4152 la
2593 4098 2847 4169 Journee.

342 4182 635 4238 L'escadre
680 4202 751 4239 ne
799 4185 1033 4255 pouvait
1078 4187 1224 4243 donc
1259 4186 1404 4241 faire
1450 4188 1612 4241 route
1657 4187 1726 4240 de
1773 4188 1953 4255 grand
1990 4186 2184 4242 matin.
2258 4185 2343 4241 De
2387 4187 2516 4255 plus
2552 4187 2598 4241 11
2635 4205 2671 4242 a
2705 4187 2845 4242 fallu

342 4290 420 4327 un
455 4274 641 4340 temps
679 4274 1066 4328 considerable
1102 4291 1246 4345 pour
1287 4275 1538 4331 franchir
1574 4276 1632 4329 16
1676 4276 1844 4330 barre
1881 4276 1942 4330 et
1982 4275 2128 4331 faire
2175 4275 2343 4331 sortir
2380 4276 2850 4332 successivement

344 4361 420 4415 du
457 4359 637 4415 fleuve
675 4378 783 4416 nne
820 4362 978 4419 flotte
1017 4364 1164 4418 aussi
1199 4365 1549 4421 nombreuse.
1612 4364 1662 4418 Il
1698 4380 1771 4418 en
1817 4363 2023 4420 resulte
2062 4381 2169 4433 que
2206 4368 2264 4419 16
2305 4366 2581 4435 premiere
2611 4364 2846 4434 journee

344 4452 415 4506 de
451 4449 787 4519 navigation
823 4466 893 4505 ne
931 4453 1253 4508 condnisait
1287 4473 1386 4524 pas
1431 4454 1490 4507 la
1523 4454 1686 4509 flotte
1732 4455 1868 4509 bien
1904 4453 2023 4509 loin
2070 4472 2143 4509 au
2181 4455 2286 4508 sud
2323 4455 2393 4510 de
2431 4453 2845 4509 l'embouchure

344 4541 420 4595 du
472 4541 679 4608 fleuve,
737 4543 811 4610 et,
858 4557 964 4611 par
1008 4543 1317 4611 prudence,
1372 4542 1615 4598 l'amiral
1674 4544 1867 4599 devait
1909 4543 2050 4599 faire
2100 4544 2249 4613 jeter
2297 4543 2505 4599 l'ancre
2571 4549 2744 4601 avant
2788 4545 2843 4599 16

347 4630 588 4686 601161161·
624 4630 699 4686 du
739 4630 924 4687 soleil’
966 4647 1013 4686 e.
1051 4648 1104 4701 q.
1145 4649 1186 4685 s.
1264 4631 1521 4704 Sapienti
1559 4634 1670 4688 sati
