3467 5334
568 340 655 408 34
904 374 909 379 ·
1106 418 1110 423 ᾖ
1688 340 1875 413 Caput
1908 339 1949 398 I.

747 505 872 570 Sed
916 510 989 571 ut
1035 506 1370 571 redeamus
1416 505 1497 570 ad
1541 500 1945 592 Hannonem,
1992 504 2249 592 singula
2295 528 2551 590 quoque
2600 526 2762 591 quae
2810 503 2886 569 de
2932 504 3076 582 lacu

567 613 679 678 illo
735 637 1090 701 permagno
1147 613 1491 679 memoriae
1547 614 1861 699 prodidit,
1926 614 2091 679 bene
2147 616 2511 700 congrth
2567 635 2713 677 cum
2766 611 3077 677 hodierna
3143 652 3148 657 -

567 742 782 785 rerum
837 725 1083 786 natura.
1166 722 1265 786 De
1319 721 1725 808 longitudine
1793 743 1989 805 supra
2045 719 2205 805 dixi3
2270 724 2524 784 montes
2588 722 2805 783 autem
2869 719 3076 784 'adhuc

567 825 862 910 proxime
920 827 1058 892 eius
1112 828 1308 893 finem
1354 828 1421 892 in
1469 850 1656 892 auras
1702 828 1832 893 alte
1880 831 2253 914 assurgunt,
2309 826 2621 891 altissime
2666 827 2721 892 el
2765 826 3080 892 Debaihat

567 938 632 997 et
677 936 733 1000 el
784 934 996 1016 Getifa
1015 933 1083 1021 ¹).
1174 934 1311 1000 Iam
1369 958 1522 1000 vero
1579 957 1725 1000 cum
1781 935 1863 999 ab
1914 934 2147 999 accolis
2192 956 2495 998 saxorum
2540 932 2833 999 coniectu
2878 956 2960 997 ne
3005 933 3075 997 in

565 1044 804 1105 terram
850 1041 1056 1106 exiret
1102 1041 1455 1126 impeditus
1499 1064 1696 1106 naves
1740 1039 2042 1105 vertisset
2088 1040 2341 1125 Hanno,
2385 1041 2633 1105 laevam
2669 1039 2847 1106 lacus
2895 1063 3073 1105 oram

563 1147 786 1234 legens
841 1148 1068 1214 incidit
1122 1149 1192 1213 in
1247 1148 1514 1213 alterius
1566 1147 1748 1213 fluvii
1808 1147 2047 1213 ostium
2101 1145 2280 1230 pleni
2334 1146 2956 1232 hippopotamorum
3011 1151 3076 1212 et

565 1255 1056 1321 crocodilorum:
1104 1258 1442 1322 eructabat
1488 1257 1659 1322 enim
1705 1257 1774 1321 in
1812 1255 2089 1321 mediam
2134 1253 2338 1319 ferme
2374 1254 2678 1339 paludem
2723 1254 3072 1320 hodiernus

561 1366 617 1430 el
679 1363 870 1431 Chott.
981 1363 1165 1440 Quod
1237 1365 1478 1429 flumen
1540 1369 1891 1449 postquam
1953 1386 2073 1447 per
2136 1362 2387 1447 aliquot
2452 1362 2587 1427 dies
2651 1366 2910 1428 secutus
2975 1366 3074 1426 est

563 1469 1193 1558 Carthaginiensium
1223 1471 1370 1556 dux,
1408 1493 1555 1536 cum
1583 1470 2012 1557 intellegeret,
2048 1468 2380 1555 regionem
2418 1468 2689 1534 coloniis
2725 1469 3072 1534 condendis

561 1577 825 1642 minime
880 1582 1101 1663 aptam
1152 1601 1316 1663 esse,
1369 1577 1473 1642 vel
1528 1588 1674 1643 cum'
1719 1579 1775 1643 el
1825 1576 2006 1643 Chott
2049 1576 2229 1641 tenui
2285 1577 2481 1641 fluere
2529 1599 2696 1660 aqua
2743 1576 3075 1662 inciperet,

559 1683 820 1772 longius
866 1708 997 1749 non
1034 1685 1579 1772 progrediendum
1608 1707 1755 1768 0330
1802 1690 1981 1749 ratus
2027 1683 2285 1749 infectis
2321 1684 2518 1748 rebus
2557 1683 2778 1748 eadem
2817 1683 2921 1748 via
2957 1705 3075 1767 per

560 1791 819 1855 eosdem
873 1790 1104 1855 fluvios
1179 1791 1577 1875 eundemque
1633 1792 1847 1856 lacum
1903 1791 1984 1855 ad
2040 1789 2287 1856 Cernen
2346 1790 2652 1875 insulam,
2706 1790 2873 1856 unde
2929 1812 3074 1874 pro-

560 1898 769 1962 fectus
816 1902 980 1981 erat,
1035 1898 1395 1964 revertitur.
1486 1896 1624 1962 Iam
1679 1896 2090 1962 manifestam
2146 1902 2440 1962 tenemus
2495 1919 2779 1981 causam,
2836 1919 2949 1961 cur
2994 1897 3074 1960 ad

563 2003 811 2069 Cernen
865 2005 1239 2092 renavigare
1296 2003 1638 2068 debuerint
1695 2003 2278 2090 CarthaginienseS,
2341 2026 2460 2069 nec
2513 2004 2729 2070 minus
2776 2008 3073 2088 apertum

559 2115 684 2195 est,
743 2135 856 2177 cur
900 2112 1134 2178 Hanno
1184 2135 1251 2176 se
1309 2112 1436 2176 iter
1480 2109 1879 2176 maritimum
1925 2114 2338 2195 persecutum
2384 2133 2522 2176 esse
2570 2110 2861 2176 omiserit
2906 2134 3072 2176 com-

558 2221 939 2284 memorare!

739 2326 1041 2412 Oportet,
1115 2326 1494 2411 priusquam
1568 2348 1943 2413 pergamuS,
2014 2325 2240 2410 paucis
2303 2324 2842 2411 perstringamuS,
2914 2347 3071 2389 num

558 2432 873 2498 minutiae
940 2433 1253 2516 quaedam
1313 2433 1382 2496 in
1436 2432 1776 2497 Hannonis
1832 2432 2243 2518 Scylacisque
2310 2432 2856 2517 descriptionibus
2919 2436 3071 2516 apte

560 2539 873 2623 explicari
931 2544 1186 2623 queant.
1278 2539 1376 2605 Ac
1431 2540 1715 2623 primum
1773 2540 2032 2625 quidem
2080 2563 2277 2625 supra
2333 2540 2632 2625 exposui,
2693 2539 3073 2624 elephantos

562 2645 886 2732 quondam
950 2647 1122 2711 ultra
1158 2647 1512 2711 -desertum
1580 2646 2103 2732 septentrionalis
2158 2647 2404 2733 Libyae
2469 2647 2664 2713 silvas
2716 2646 3071 2711 habitasse:

558 2755 732 2818 idem
779 2753 949 2818 cadit
996 2754 1065 2818 in
1110 2753 1648 2839 hippopotamos,
1704 2753 1896 2819 sicuti
1943 2755 2390 2820 demonstrant
2444 2758 2511 2819 et
2554 2759 2846 2820 veterum
2891 2754 3071 2819 testi-

561 2861 779 2926 monia
815 2859 924 2949 (cf.
964 2859 1087 2925 Str.
1124 2860 1311 2925 XVII
1350 2863 1409 2945 3,
1444 2863 1488 2926 4
1527 2884 1589 2945 p.
1622 2863 1769 2926 827.
1824 2860 1964 2926 Ael.
2004 2861 2081 2926 de
2118 2883 2179 2927 11.
2220 2885 2272 2926 a.
2309 2861 2437 2927 VII
2474 2865 2533 2928 2.
2596 2862 2762 2926 Plin.
2790 2860 2884 2926 VI
2925 2863 3069 2928 194.

558 2968 747 3033 Paus,
784 2967 816 3032 I
853 2971 958 3052 33,
995 2968 1053 3033 5.
1108 2967 1276 3032 Vitr.
1303 2967 1461 3033 VHI
1489 2970 1595 3034 26.
1650 2967 1847 3032 Solin.
1882 2969 2010 3034 155
2030 2969 2117 3033 M.
2178 2967 2393 3034 Amm.
2420 2968 2613 3033 Marc.
2642 2966 2828 3032 XXII
2868 2969 2970 3051 15,
2999 2964 3071 3053 8)

560 3080 625 3139 et
671 3098 892 3140 recens
946 3074 1188 3159 reperti
1243 3074 1312 3138 in
1366 3075 1588 3139 infima
1632 3058 2036 3140 Mauretania
2092 3075 2366 3161 lapides,
2420 3075 2490 3140 in
2545 3075 2783 3161 quibus
2837 3074 3070 3159 hippo-

558 3185 972 3267 potamorum
1017 3180 1333 3268 imagines
1371 3180 1608 3246 incisae
1648 3180 1824 3269 sunt}
1871 3186 2105 3248 testem
2152 3182 2349 3247 affero
2387 3181 2755 3267 Doulsium,
2804 3181 2916 3266 qui
2965 3182 3072 3246 ‘on

464 3328 475 3341 -
558 3293 785 3354 trouve
833 3288 944 3353 des
999 3286 1520 3374 petroglyphes',
1586 3288 1703 3372 ait,
1761 3288 1895 3353 ‘sur
1947 3289 2229 3373 lesquels
2285 3313 2368 3354 on
2433 3288 2570 3354 voit
2629 3291 2897 3375 gravees
2960 3288 3071 3352 des

558 3397 801 3482 figures
838 3398 1286 3478 representant
1326 3395 1438 3459 des
1475 3395 1835 3480 elephants,
1873 3397 1985 3460 des
2021 3396 2543 3482 hippopotamos,
2582 3396 2693 3460 des
2723 3394 3070 3481 girafes’2).

560 3501 929 3568 Crocodilos
994 3506 1211 3567 autem
1282 3525 1364 3566 ne
1426 3525 1599 3567 nunc
1668 3504 1930 3588 quidem
1997 3527 2032 3569 e
2095 3505 2380 3570 Sakarae
2443 3502 2669 3568 rivulis
2735 3502 3068 3567 evanuisse

564 3611 847 3675 Ervinus
895 3609 972 3674 de
1018 3609 1191 3693 Bary
1235 3609 1492 3674 rettulit
1536 3609 1606 3673 in
1649 3610 2053 3676 Petermanni
2095 3612 2429 3678 annalibus
2473 3610 2675 3699 (1877
2725 3633 2787 3693 p.
2831 3605 3071 3693 1183)).

557 3717 727 3782 Dein
774 3717 829 3782 si
877 3716 1023 3802 quis
1069 3715 1454 3800 meminerit,
1503 3739 1665 3801 quae
1712 3717 1790 3780 de
1836 3717 2093 3783 Sakhiet
2133 3719 2190 3783 el
2232 3719 2520 3784 Hamrae
2564 3715 2849 3802 regionis
2894 3714 3068 3779 ferti-

556 3824 743 3888 litate
780 3822 1021 3910 monui,
1064 3822 1259 3887 fidem
1305 3846 1421 3888 sua
1460 3827 1691 3907 sponte
1738 3823 2012 3888 habebit
2051 3823 2319 3911 Scylaci,
2367 3823 2478 3909 qui
2517 3819 2709 3911 (112)
2748 3822 3068 3889 Cernaeos

736 4055 791 4121 1)
831 4051 901 4107 cf.
940 4052 1114 4106 Douls
1151 4053 1188 4106 1.
1227 4053 1264 4107 1.
1304 4071 1355 4122 p.
1386 4059 1516 4107 445:
1575 4052 1641 4107 ‘il
1677 4053 1857 4106 existe
1904 4069 2013 4107 une
2051 4052 2251 4107 chaine
2290 4053 2359 4107 de
2396 4054 2731 4122 montagnes
2769 4050 3065 4122 perpendi-

556 4141 769 4197 culaire
807 4143 843 4195 a
876 4143 936 4195 la
972 4144 1099 4197 cote
1136 4145 1196 4197 et
1231 4141 1501 4213 parallele
1539 4160 1611 4197 au
1649 4159 1813 4197 cours
1850 4143 1924 4197 du
1964 4143 2159 4212 Sagiet
2195 4141 2247 4198 01
2286 4143 2496 4197 Amra.’

732 4234 788 4302 2)
837 4230 907 4284 cf.
957 4232 1085 4287 bun.
1133 4233 1188 4287 d.
1235 4233 1270 4288 l.
1316 4250 1419 4290 soc.
1467 4235 1520 4288 d.
1567 4234 1744 4305 qe'oyr.
1794 4233 1862 4288 de
1905 4233 2075 4288 Paris
2123 4238 2260 4288 1888
2305 4250 2359 4301 p.
2389 4237 2518 4298 4563
2560 4248 2851 4300 quousque
2897 4229 3068 4286 hodie

552 4320 948 4390 hippopotami
985 4322 1428 4391 septentrionem
1464 4338 1657 4377 versus
1694 4320 2034 4392 pertineant,
2073 4320 2281 4375 docent
2315 4320 2566 4376 Wallace
2606 4319 2665 4392 (l.
2694 4321 2732 4375 1.
2762 4322 2812 4374 11
2849 4338 2906 4390 p.
2935 4324 3063 4390 243)

555 4411 613 4464 et
640 4409 911 4463 Mai-shall
938 4409 1028 4478 (cf.
1056 4410 1362 4479 Berghaus‚
1393 4412 1552 4482 phy&
1584 4409 1911 4465 Handatlas
1937 4410 2031 4465 VI.
2062 4409 2115 4463 ΙΙ
2129 4410 2226 4481 D);
2266 4411 2335 4465 de
2365 4407 2660 4465 crocodilis
2698 4408 2769 4465 cf.
2807 4409 3065 4467 wallace

553 4498 626 4567 (11
663 4500 788 4566 448)
828 4498 888 4550 et
922 4495 1195 4552 Marchall
1230 4497 1301 4568 (V
1303 4497 1342 4552 Ι.
1381 4496 1430 4549 V
1451 4497 1540 4567 A.)

732 4589 789 4657 3)
825 4585 895 4641 cf.
936 4584 1257 4657 Duveyrier‚
1297 4587 1370 4640 les
1408 4586 1689 4656 Touarcqs
1725 4587 1805 4642 du
1840 4589 1982 4642 nord
2018 4607 2071 4659 p.
2102 4593 2224 4644 233.
