3467 5334
1544 378 1847 435 PraefatiO.
2916 382 2959 444 5

450 549 738 610 veterum
799 543 1136 629 opiniones
1200 542 1671 629 geographicae
1728 566 1809 608 ex
1866 566 1939 607 eo
1997 544 2334 628 pendeant.
2426 543 2526 608 Ne
2592 566 2741 608 vero
2806 545 2959 628 quid

450 651 1030 738 praetermittatur,
1095 651 1285 733 plene
1343 649 1732 734 copioseque
1790 651 1985 716 etiam
2042 653 2117 716 de
2171 650 2510 716 Hannonis
2569 654 2779 715 aetate
2836 651 2957 715 dis·
3014 716 3018 720 ,

451 783 685 844 seram,
746 782 891 823 cum
947 757 1329 843 praesertim
1388 761 1785 842 quantopere
1842 759 1918 823 de
1966 781 2040 823 ea
2086 759 2292 823 adhuc
2337 759 2603 822 fluctuet
2650 757 2956 823 iudicium

449 867 635 931 testis
692 866 776 931 sit
831 867 972 950 ipse
1018 866 1287 951 Berger‚
1347 865 1445 930 vir
1500 887 1787 930 summus
1844 888 1916 930 ac
1971 888 2125 949 prae
2181 864 2410 931 ceteris
2465 868 2754 930 veterum
2809 889 2954 952 geo-

448 974 759 1061 graphiae
824 970 1154 1058 peritus1).
1259 971 1535 1037 Omnino
1602 976 1819 1037 autem
1882 973 1949 1036 id
2010 996 2143 1037 non
2207 972 2535 1058 ingratum
2598 973 2735 1036 fore
2800 972 2955 1037 viris

449 1081 654 1146 doctis
711 1081 892 1165 duxi,
959 1080 1013 1144 si
1071 1102 1231 1163 quae
1288 1079 1738 1144 diversissimis
1791 1080 1952 1144 locis
2014 1081 2092 1144 de
2145 1079 2483 1144 Hannonis
2543 1079 2954 1164 expeditione

449 1189 780 1272 disputata
834 1193 984 1253 sunt
1041 1209 1331 1272 quaeque
1384 1210 1515 1251 non
1570 1187 1706 1251 sine
1769 1187 1975 1252 multo
2030 1187 2295 1273 negotio
2351 1186 2633 1271 undique
2695 1187 2952 1271 conqui-

449 1300 696 1380 runtur,
744 1319 870 1360 uno
920 1295 1103 1379 quasi
1151 1298 1499 1378 conspectu
1536 1298 1986 1379 proponantur
2025 1299 2089 1359 et
2128 1294 2573 1380 diiudicentur,
2620 1297 2693 1358 ut
2740 1295 2794 1358 si
2842 1295 2970 1379 qui›

448 1407 599 1486 post
652 1425 771 1467 nos
827 1402 1110 1467 studium
1166 1402 1234 1466 in
1288 1401 1798 1467 vetustissimum
1855 1401 2026 1465 hunc
2085 1401 2413 1486 periplum
2460 1401 2755 1466 collaturi
2803 1382 2951 1485 sint,

451 1510 605 1593 quid
668 1514 940 1594 certum,
1007 1509 1161 1594 quid
1225 1508 1495 1573 dubium
1560 1508 1644 1573 sit
1654 1560 1671 1593 ⁷
1744 1507 2030 1573 faciliore
2096 1509 2370 1573 fortasse
2440 1532 2635 1593 opere
2699 1509 2952 1594 possint

447 1616 836 1702 dignoscere.

620 1722 756 1789 Iam
802 1746 953 1789 vero
1002 1725 1105 1789 his
1151 1722 1573 1808 praemonitis
1620 1723 1701 1787 ad
1748 1723 1957 1807 ipsam
2005 1747 2142 1788 rem
2189 1725 2629 1810 accingamur!

629 1938 680 2007 1)
735 1938 1047 1992 Geschichte
1099 1938 1197 1992 der
1249 1936 1801 2004 wissenschaftlichen
1852 1936 2161 1992 Erdkwnde
2213 1937 2311 1991 der
2356 1936 2621 1991 Griechen
2667 1936 2719 1988 Π
2766 1938 2950 2005 (1889)

445 2045 500 2095 p.
532 2032 626 2081 38:
679 2026 790 2082 ‘Ob
839 2025 930 2081 die
976 2025 1319 2095 Expedition
1360 2026 1463 2089 *des
1508 2025 1709 2079 Hanno
1757 2026 1904 2079 noch
1940 2025 2017 2078 im
2057 2032 2105 2080 6.
2143 2025 2526 2080 Jahrhundert
2563 2025 2698 2079 oder
2733 2043 2801 2078 zu
2834 2025 2950 2095 An-

447 2115 585 2186 fang
621 2115 719 2170 des
757 2122 807 2170 5.
847 2116 1274 2185 stattgefunden
1309 2116 1427 2184 hat,
1464 2115 1604 2170 wird
1642 2114 1896 2168 sich·bei
1934 2114 2075 2179 aller
2105 2114 2357 2184 Sorgfalt
2392 2117 2489 2170 der
2517 2114 2951 2184 Untersuchung

447 2204 592 2260 doch
630 2204 789 2259 nicht
825 2203 1187 2260 entscheidcn
1223 2192 1450 2260 lassen?
