3467 5334
1377 420 1461 473 De
1497 417 1791 474 Hannonis
1826 416 2047 471 itinere.
2933 418 2973 479 9

468 584 726 670 quidem
774 584 912 648 eius
957 580 1289 646 relationis
1345 581 1558 646 indole
1606 581 1776 645 infra
1822 580 2122 665 pluribus
2178 604 2392 667 agam3
2451 603 2622 645 nunc
2678 583 2852 644 certa
2897 603 2976 644 ex

466 714 534 757 re
590 692 920 776 profectus
985 713 1060 754 ea
1114 690 1324 753 solum
1381 688 1645 774 eligam,
1710 711 1873 773 quae
1930 711 2076 753 cum
2128 689 2250 752 hac
2309 688 2448 772 ipsa
2503 688 2571 751 in
2628 710 2754 771 qua
2807 710 2978 751 nunc

465 820 794 864 versamur
840 797 1214 883 quaestione
1262 801 1398 860 arte
1445 796 1807 861 cohaerent.
1892 795 2340 861 Certissimum
2385 816 2536 859 vero
2576 798 2691 880 est,
2742 794 2977 858 Lixum

463 907 756 991 fluvium,
822 905 1004 970 cuius
1051 904 1217 968 ostio
1274 903 1513 988 duplex
1569 903 1924 988 apponitur
1970 903 2129 968 urbs
2185 907 2250 967 et
2295 901 2540 966 Punica
2601 906 2666 966 et
2711 901 2977 987 Lybica,

467 1014 984 1098 componendum
1031 1035 1167 1076 esse
1215 1034 1359 1076 cum
1404 1011 1716 1076 hodierno
1779 1011 1907 1077 Ued
1954 1011 2008 1075 el
2044 1008 2270 1095 Kus1)‚
2318 1009 2428 1093 qui
2475 1009 2555 1072 ad
2591 1010 2684 1074 El
2710 1009 2980 1075 Araisch

467 1121 783 1206 oppidum
838 1121 906 1184 in
962 1142 1135 1184 mare
1194 1122 1469 1204 eructat,
1525 1117 1893 1182 etiamnunc
1949 1115 2153 1181 ruinis
2214 1114 2569 1199 spectabile
2582 1112 2666 1201 2):
2732 1114 2978 1199 optime

466 1228 641 1292 enim
685 1228 813 1291 huc
860 1228 1203 1312 quadrant,
1256 1248 1418 1310 quae
1465 1228 1530 1289 et
1578 1224 1654 1289 de
1700 1224 1898 1289 fluvio
1947 1229 2013 1288 et
2061 1223 2137 1287 de
2185 1223 2346 1287 urbe
2394 1244 2431 1286 a
2476 1222 2807 1286 veteribus
2854 1227 2978 1287 tra-

469 1334 603 1398 dita
640 1334 1005 1419 accepimus
1041 1332 1150 1421 (cf.
1179 1332 1343 1396 Plin.
1373 1332 1435 1397 V
1467 1335 1523 1416 1,
1552 1334 1610 1397 3.
1683 1331 1958 1395 Ptolem.
1986 1329 2080 1395 IV
2113 1333 2168 1415 1,
2203 1333 2301 1395 13.
2377 1329 2516 1393 itin.
2544 1328 2696 1393 Ant.
2726 1353 2789 1413 p.
2822 1327 2977 1415 73)).

468 1440 595 1518 Qui
648 1441 950 1526 deinceps
1012 1440 1302 1524 sequitur
1358 1438 1612 1504 Crathis
1676 1438 1853 1502 rivus
1867 1435 1949 1524 4),
2016 1436 2410 1502 dubitaverit
2474 1437 2747 1501 fortasse
2810 1436 2979 1520 quis-

468 1548 670 1633 piam,
727 1553 945 1612 utrum
1002 1547 1088 1612 sit
1142 1547 1491 1611 hodiernus
1550 1546 1680 1612 Ued
1721 1545 1882 1611 Sebu
1927 1568 2010 1609 an
2055 1545 2164 1610 Bu
2207 1545 2466 1628 Re9r69:
2522 1543 2859 1627 utriusque
2907 1566 2979 1608 os

467 1655 739 1719 duorum
785 1656 986 1719 ferme
1025 1655 1274 1718 dierum
1320 1654 1445 1718 iter
1491 1655 1677 1717 abest
1723 1654 1806 1717 ab
1845 1651 2227 1736 Ampelusia
2270 1650 2741 1736 promunturio,
2788 1650 2978 1715 sicuti

465 1763 798 1848 flagitatur
852 1762 1190 1855 Hannonis
1256 1761 1708 1826 distantiarum
1773 1764 1929 1824 nota
1942 1757 2022 1846 5):
2085 1783 2235 1823 nam
2299 1757 2787 1842 Thymiaterion
2850 1758 2977 1842 ipsi

467 1868 690 1933 Crathi
745 1869 997 1933 flumini
1053 1869 1339 1933 adiacere
1406 1891 1485 1933 ex
1541 1867 1824 1953 Scylacis
1879 1867 2097 1931 verbis
2109 1865 2163 1953 ⁶)
2219 1889 2339 1950 pro
2397 1868 2572 1930 certo
2629 1865 2976 1951 colligitur.

464 1977 677 2041 Litem
740 1976 1072 2060 discernit,
1138 1976 1192 2041 si
1255 1976 1410 2060 quid
1463 1976 1677 2060 videO,
1742 1975 2038 2039 Mnaseae
2093 1973 2468 2059 Periegetae
2533 1972 2977 2037 testimonium

466 2082 574 2171 (cf.
612 2084 777 2148 Plin.
814 2083 1120 2149 XXXVII
1166 2080 1310 2170 38),
1368 2084 1480 2167 qui
1528 2082 1796 2148 Crathin
1851 2083 1920 2146 in
1967 2105 2276 2146 oceanum
2323 2082 2694 2145 effluentem
2739 2080 2894 2144 facit
2943 2103 2976 2143 9

465 2192 609 2255 lacu
658 2191 960 2276 quodam,
1021 2191 1087 2255 in
1135 2214 1261 2274 quo
1309 2190 1734 2276 Meleagrides
1783 2212 1931 2253 aves
1977 2189 2196 2253 vivant
2257 2193 2321 2253 et
2366 2187 2757 2271 Penelopae:
2811 2188 2976 2251 hanc

466 2298 931 2384 Meleagridum
986 2298 1288 2383 paludem
1345 2298 1611 2362 eandem
1673 2321 1810 2362 9889
1876 2319 1950 2360 ac
2005 2295 2287 2380 Scylacis
2343 2293 2804 2379 Cephesiadem
2858 2316 2976 2358 nec

651 2531 702 2595 1)
760 2528 1018 2598 Optimae
1073 2527 1270 2582 harum
1326 2529 1620 2596 regionum
1674 2526 1905 2582 tabulae
1971 2524 2291 2580 delineatae
2348 2527 2479 2580 sunt
2523 2543 2557 2580 a
2601 2525 2976 2580 Peter-manno

470 2618 586 2673 Pet.
643 2635 776 2672 ann.
827 2624 982 2672 1862.
1051 2616 1306 2688 1864165,
1374 2617 1467 2686 (cf.
1523 2615 1748 2684 Rohlfs,
1815 2616 1976 2671 Reise
2029 2617 2203 2671 durch
2258 2615 2551 2684 Marokko)
2605 2613 2852 2669 Tissotio
2907 2632 2976 2669 m.

470 2707 524 2760 d.
564 2706 759 2762 l’acad.
797 2708 851 2761 d.
890 2708 1053 2761 inser.
1102 2706 1127 2757 I
1166 2712 1225 2774 9,
1267 2711 1324 2771 1;
1375 2706 1505 2760 bull.
1546 2707 1600 2760 d.
1639 2706 1674 2760 l.
1711 2722 1816 2760 soc.
1858 2706 1911 2759 d.
1948 2707 2124 2775 ye'oyr.
2163 2706 2228 2760 de
2268 2704 2438 2758 Paris
2479 2709 2615 2759 1876
2661 2704 2713 2757 II
2758 2720 2814 2772 p.
2854 2710 2976 2769 225,

468 2795 801 2849 Beaumiero
840 2797 970 2851 bun.
1007 2800 1143 2849 1876
1172 2795 1227 2847 II
1252 2813 1308 2864 p.
1339 2801 1462 2862 241,
1502 2794 1803 2864 GonringO,
1840 2799 2115 2850 Marroco.
2180 2795 2373 2864 Nuper
2411 2791 2682 2847 adhibitis
2721 2792 2977 2847 omnibus

468 2884 797 2939 recentioris
846 2883 1052 2940 aetatis
1099 2883 1406 2938 itinerariis
1454 2887 1714 2940 accurate
1764 2887 1945 2939 totam
1983 2882 2394 2938 Mauretaniam
2434 2881 2734 2951 descripsit
2769 2882 2977 2936 Paulu‘s

471 2973 696 3029 Schnell
737 2975 852 3030 Pet.
883 2993 1015 3030 ann.
1043 2976 1224 3045 suppl.
1259 2979 1380 3028 103.
1413 2979 1568 3043 1892,
1608 2973 1766 3027 cuius
1806 2971 2269 3028 commentationi
2304 2964 2515 3042 mappa
2543 2969 2976 3041 diligentissime

472 3063 726 3118 confecta
771 3064 1057 3119 adhaeret.
1132 3063 1444 3134 Anglorum
1482 3063 1680 3118 tabula
1715 3063 2029 3132 maritima,
2079 3079 2223 3132 quae
2263 3080 2297 3116 a
2332 3059 2718 3131 promunturio
2757 3061 2980 3132 Spartel

469 3151 719 3219 pertinet
762 3153 835 3205 ad
873 3154 1164 3209 Gambiam
1199 3153 1447 3221 fluvium,
1487 3152 1642 3207 edita
1679 3154 1767 3207 est
1805 3170 1854 3207 a.
1896 3159 2052 3209 1886.

647 3265 701 3327 2)
740 3260 1022 3316 Exhibent
1057 3259 1220 3316 huius
1254 3260 1409 3315 urbis
1438 3261 1742 3328 imaginem
1769 3260 2046 3316 Tissotius
2075 3280 2113 3329 p
2160 3266 2281 3314 211.
2313 3266 2434 3314 213.
2464 3265 2569 3312 216
2599 3261 2657 3313 et
2684 3257 2976 3313 Reclusius

467 3366 628 3405 nouv.
665 3352 841 3421 ye'oyr.
881 3367 1049 3420 comp.
1086 3349 1165 3403 XI
1201 3369 1254 3420 p.
1292 3356 1410 3404 714.

647 3459 701 3525 3)
741 3458 810 3511 cf.
853 3456 910 3512 C.
949 3457 990 3510 I.
1028 3457 1088 3511 L.
1119 3455 1249 3510 VIII
1279 3463 1329 3525 2,
1372 3476 1425 3526 p.
1458 3462 1580 3512 855.
1662 3455 1865 3510 Vivien
1914 3456 1984 3510 de
2034 3456 2112 3511 st.
2154 3456 2366 3510 Martin
2413 3475 2467 3526 p.
2504 3454 2716 3522 353l54.
2791 3454 2979 3508 Tissot

468 3565 521 3615 p.
553 3551 656 3599 210
676 3563 791 3613 sqq.
856 3546 939 3599 De
968 3545 1133 3599 huius
1163 3545 1319 3600 urbis
1348 3546 1590 3600 nummis
1618 3546 1690 3600 cf.
1718 3545 1914 3614 Barth,
1964 3547 2035 3599 W
2035 3547 2392 3616 andm·un9en
2419 3546 2594 3601 durch
2621 3546 2710 3600 die
2737 3545 2976 3600 Kasten—

469 3635 661 3690 ldnder
698 3637 790 3691 des
829 3636 1181 3691 Mittelmeers
1218 3653 1272 3704 Ρ.
1308 3641 1388 3688 19.
1420 3641 1505 3703 49,
1545 3635 1764 3703 Miiller,
1802 3637 2056 3691 numism.
2095 3637 2159 3690 de
2197 3637 2361 3690 l'anc.
2391 3635 2627 3705 Afrique
2655 3634 2732 3687 III
2769 3652 2823 3703 p.
2856 3639 2974 3701 155,

468 3722 644 3791 Head‚
684 3725 807 3778 hist.
846 3740 1049 3778 numm.
1089 3742 1144 3793 p.
1177 3730 1297 3779 748.

649 3834 703 3898 4)
739 3829 901 3884 Hanc
927 3829 1233 3885 lectionem
1260 3847 1360 3899 pro
1399 3829 1655 3884 codicum
1692 3830 1973 3900 scriptura
2009 3849 2075 3886 ex
2104 3830 2248 3886 Plin.
2281 3830 2542 3886 XXXVII
2579 3838 2647 3887 38
2685 3848 2809 3885 cum
2849 3829 2978 3884 aliis

469 3917 696 3988 recipiO.

650 4030 703 4094 5)
759 4027 824 4079 In
880 4025 1151 4095 cuiusque
1216 4026 1332 4082 diei
1387 4025 1809 4096 navigationem
1874 4027 2148 4081 sumenda
2211 4045 2331 4082 esse
2389 4033 2493 4082 500
2540 4027 2715 4082 ferme
2772 4028 2977 4096 stadia,

469 4117 620 4168 recte
656 4115 923 4184 probavit
958 4115 1189 4171 Entzius
1232 4114 1269 4170 l.
1306 4118 1343 4171 1.
1382 4135 1437 4186 p.
1477 4123 1525 4173 8.
1604 4117 1752 4182 Quid
1789 4118 2006 4172 veteres
2046 4118 2329 4186 auctores,
2377 4118 2473 4185 qui
2511 4116 2623 4186 ipsi
2659 4135 2772 4172 non
2806 4117 2973 4171 nimis

472 4206 761 4258 accuratos
810 4221 933 4259 9889
979 4205 1125 4260 tales
1174 4204 1571 4260 distantiarum
1621 4222 1882 4261 numeros
1928 4206 2081 4259 haud
2125 4206 2469 4275 ignorabant
2504 4206 2595 4275 (cf.
2634 4207 2805 4260 Marc.
2844 4206 2973 4261 Her.

472 4309 559 4361 ep.
597 4309 713 4359 per.
743 4309 880 4348 mar.
911 4294 1014 4350 int.
1051 4294 1134 4365 V),
1173 4295 1243 4349 de
1281 4294 1712 4365 navigationum
1750 4294 2104 4364 longitudine
2144 4295 2468 4362 statuerint,
2504 4295 2635 4351 vide
2674 4294 2751 4349 sis
2790 4312 2858 4349 ex
2886 4295 2975 4349 his

470 4380 637 4436 locis:
693 4381 899 4436 Herod.
930 4382 1009 4437 IV
1047 4390 1131 4439 86.
1190 4384 1334 4453 Scyl.
1376 4392 1458 4440 69.
1524 4384 1671 4438 Ptol.
1712 4385 1739 4437 I
1781 4391 1861 4440 17.
1928 4385 2096 4438 Marc.
2147 4385 2278 4439 Her.
2328 4402 2411 4454 ep.
2443 4384 2518 4439 V:
2577 4385 2646 4439 cf.
2684 4384 2973 4455 BreusIng,

470 4471 690 4527 Nautik
725 4472 822 4526 der
858 4472 1025 4526 Alton
1062 4473 1087 4524 I
1123 4491 1177 4541 Ρ.
1212 4480 1273 4526 11
1299 4491 1417 4541 sqq.

650 4581 704 4648 6)
742 4577 966 4648 Κράθις
992 4579 1242 4648 ποταμὸς
1270 4580 1367 4632 καὶ
1395 4579 1558 4649 λιμὴν
1586 4582 1684 4635 καὶ
1710 4578 1868 4644 πόλις
1898 4577 2200 4650 «Dominam
2242 4581 2310 4636 cf.
2342 4581 2593 4651 ποταμὸς
2621 4578 2792 4652 μέγας
2810 4578 2976 4649 Λίξος

471 4667 569 4721 καὶ
604 4664 763 4730 πόλις
802 4669 1081 4723 Φοινίκων
1115 4663 1295 4734 Λίξος.

3115 990 3213 1055 sss
