3467 5334
530 364 660 431 122
1634 364 1817 436 Caput
1852 366 1944 421 111.

527 529 600 621 ἐξ
659 526 1132 614 Ἐλεφαντίνης
1193 526 1618 618 πορευομένῳ
1680 530 1752 607 ἐς
1809 533 1968 608 τοὺς
2034 528 2447 614 αὐτομόλους
2517 527 2812 605 τούτους.
2907 526 3043 613 ῥέει

532 634 605 703 δὲ
661 637 788 702 ἀπὸ
846 635 1122 721 ἑσπέρης
1166 660 1236 702 τε
1291 634 1401 701 καὶ
1457 635 1653 720 ἡλίου
1711 634 2036 720 δυσμέων.
2113 637 2188 701 τὸ
2247 631 2320 700 δὲ
2376 634 2503 700 ἀπὸ
2559 636 2758 701 τοῦδε
2816 632 3041 712 οὐδεὶς

532 747 664 829 ἔχει
704 742 966 827 σαφέως
1012 745 1294 829 φράσαι·
1343 746 1582 828 ἔρημος
1618 746 1747 830 γὰρ
1797 741 1934 809 ἐστὶ
1980 743 2020 827 ἡ
2067 745 2247 829 χώρη
2298 742 2463 826 αὕτη
2511 740 2640 806 ὑπὸ
2688 742 3037 825 καύματος.

531 852 934 936 Quamquam
997 849 1065 914 id
1127 873 1260 916 non
1313 873 1483 937 nego
1493 903 1511 937 ,
1575 851 1867 935 potuisse
1924 873 2076 916 sane
2131 849 2489 935 posteriore
2556 852 2769 913 aetate
2844 870 3045 913 unum

531 960 884 1024 alterumve
950 980 1030 1022 ex
1095 957 1187 1022 eis
1243 958 1665 1045 geographiS,
1732 957 1844 1043 qui
1899 961 2246 1023 crematam
2303 979 2440 1022 esse
2495 955 2773 1021 mediam
2820 978 3048 1021 zonam

532 1066 885 1130 docuerunt
901 1062 949 1154 ¹)
967 1116 985 1150 ,
1077 1063 1415 1129 Hannonis
1507 1063 1839 1129 itinerario
1932 1064 2129 1130 allato
2212 1064 2406 1130 istam
2487 1065 2742 1129 firmare
2836 1063 3042 1148 opini-

531 1195 745 1257 onem3
792 1176 1011 1236 utrum
1055 1194 1206 1236 vero
1253 1170 1524 1236 fecerint
1569 1193 1788 1255 necne,
1833 1192 2042 1256 neque
2088 1177 2381 1238 veterum
2429 1171 2771 1285 quisquam
2808 1193 3045 1236 memo-

529 1279 661 1344 riae
708 1278 995 1364 prodidit
1040 1301 1250 1362 neque
1294 1301 1414 1344 nos
1459 1278 1775 1343 habemus
1822 1279 2046 1344 dicere

707 1385 1068 1451 Redeamus
1114 1389 1330 1450 autem
1377 1386 1457 1449 ad
1506 1384 1772 1450 Iubam
1828 1408 2020 1470 quem
2065 1385 2203 1452 Nili
2250 1386 2569 1475 originem
2615 1385 2684 1450 in
2739 1384 3044 1450 inferiore

531 1491 933 1557 Mauretania
1004 1493 1392 1578 quaesivisse
1457 1515 1536 1557 ex
1601 1491 1806 1556 Solini
1869 1492 2087 1557 verbis
2152 1516 2348 1578 supra
2408 1492 2687 1559 laudatis
2750 1491 3046 1558 vidimus

529 1599 793 1665 Plenius
842 1621 1156 1684 quaenam
1203 1599 1341 1666 eius
1386 1600 1583 1665 fuerit
1629 1599 1851 1685 opinio
1897 1599 2147 1667 Plinius
2196 1604 2449 1666 enarrat
2494 1599 2585 1689 (V
2621 1601 2689 1685 9,
2726 1597 3048 1686 51—54):

531 1705 754 1771 ‘Nilus
826 1706 1090 1771 incertis
1163 1712 1343 1774 ortus
1417 1708 1712 1773 fontibus
1728 1761 1747 1795 ,
1821 1712 1894 1772 ut
1967 1731 2085 1793 per
2159 1709 2410 1773 deserta
2482 1711 2548 1772 et
2621 1708 2911 1772 ardentia
2981 1712 3046 1773 et

423 1911 427 1915 ⁴
530 1815 843 1880 immenso
889 1813 1320 1901 longitudinis
1365 1815 1579 1901 spatio
1628 1815 1994 1900 ambulans,
2050 1839 2212 1900 quae
2258 1818 2430 1881 fama
2476 1819 2758 1901 tantum,
2813 1814 3046 1880 inermi

531 1920 828 2007 quaesitu
893 1921 1155 2008 cognita
1219 1928 1369 1989 sunt
1435 1923 1570 1988 sine
1628 1922 1820 1987 bellis
1827 1974 1845 2008 ,
1912 1946 2075 2008 quae
2132 1926 2376 1988 ceteras
2431 1921 2641 1988 omnis
2696 1925 2901 1986 terras
2954 1921 3047 1987 in-

529 2051 778 2115 venere,
825 2027 1160 2117 originem,
1206 2035 1279 2095 ut
1325 2030 1488 2096 Iuba
1532 2052 1648 2096 rex
1693 2028 1915 2114 potuit
1962 2029 2317 2114 exquirere,
2360 2030 2430 2095 in
2466 2033 2686 2094 monte
2723 2027 3049 2093 inferioris

530 2136 968 2202 Mauretaniae
1032 2160 1165 2202 non
1227 2138 1456 2223 procul
1521 2160 1759 2202 oceano
1823 2137 2024 2202 habet
2041 2189 2059 2222 ,
2123 2137 2266 2202 lacu
2339 2137 2640 2222 protinus
2703 2140 3048 2223 stagnante

534 2267 726 2330 quem
771 2247 1003 2308 vocant
1047 2244 1350 2311 Nilidem.
1449 2244 1552 2310 Ibi
1585 2326 1588 2329 Δ
1617 2244 1829 2328 pisces
1892 2245 2306 2330 reperiuntur
2370 2246 2688 2329 alabetae,
2754 2244 3050 2330 coracini,

532 2349 731 2417 siluri.
818 2349 1191 2418 Crocodilus
1237 2335 1494 2439 quoque
1539 2353 1688 2418 inde
1738 2354 1822 2417 ob
1890 2358 2344 2439 argumentum
2398 2354 2521 2418 hoc
2576 2351 2923 2417 Caesareae
2978 2352 3047 2416 in

529 2458 671 2525 Iseo
701 2458 949 2524 dicatus
977 2442 1060 2524 ab
1093 2482 1168 2524 eo
1210 2465 1541 2545 spectatur
1576 2460 1784 2525 hodie.
1856 2460 2197 2527 Praeterea
2235 2462 2650 2526 observatum
2691 2463 2806 2544 est,
2851 2463 3049 2543 prout

531 2566 601 2631 in
663 2565 1065 2630 Mauretania
1127 2567 1309 2633 nives
1373 2568 1695 2633 imbresve
1761 2568 2168 2653 satiaverint,
2233 2569 2327 2633 ita
2390 2569 2617 2633 Nilum
2680 2567 3047 2633 increscere.

531 2673 636 2738 Ex
682 2673 807 2738 hoc
853 2673 997 2738 lacu
1042 2677 1347 2759 profusus
1392 2676 1769 2764 indignatur
1813 2676 2012 2741 fluere
2057 2700 2176 2762 per
2215 2678 2531 2743 harenosa
2568 2680 2634 2741 et
2671 2673 3050 2760 squalentia,

532 2779 879 2864 conditque
953 2804 1020 2846 se
1094 2783 1344 2869 aliquot
1408 2783 1654 2849 dierum
1718 2783 1950 2849 itinere
1968 2835 1986 2870 ,
2059 2808 2212 2850 mox
2276 2784 2402 2849 alio
2468 2784 2613 2848 lacu
2677 2782 2918 2847 maiore
2982 2782 3052 2846 in

536 2885 965 2953 Caesariensis
1020 2889 1459 2957 Mauretaniae
1514 2895 1709 2978 gente
1765 2891 2197 2977 Masaesylum
2255 2890 2539 2975 erumpit
2594 2894 2660 2954 et
2714 2889 3051 2954 hominum

534 2998 756 3059 coetus
818 2995 1020 3060 veluti
1084 2997 1547 3083 circumspicit,
1612 2997 1842 3063 iisdem
1901 2999 2276 3065 animalium
2331 2996 2801 3084 argumentis?
2875 2998 3049 3074 Quae

534 3106 894 3187 sequuntur
983 3105 1158 3188 apud
1230 3105 1447 3190 ipsum
1536 3105 1823 3170 Plinium
1895 3106 2091 3170 velim
2172 3105 2506 3224 perlegas,
2576 3108 2799 3169 nostra
2880 3127 3050 3169 nunc

532 3208 629 3273 nil
706 3209 978 3275 interest
1043 3233 1118 3275 ea
1173 3213 1562 3299 comperire.
1654 3213 1902 3297 Ecquis
1972 3235 2124 3278 vero
2200 3217 2324 3298 est,
2400 3212 2511 3298 qui
2583 3211 2854 3296 nesciat,
2926 3213 3049 3277 hoc

534 3315 734 3381 Iubae
791 3321 1226 3384 commentum
1288 3342 1422 3386 non
1485 3320 1694 3385 solum
1758 3321 2111 3404 probatum
2171 3344 2308 3387 esse
2373 3319 2676 3385 omnibus
2740 3320 2873 3384 fere
2939 3319 3050 3403 qui

535 3427 687 3508 post
760 3423 1198 3490 Mauretaniae
1281 3451 1502 3515 regem
1585 3427 1661 3491 de
1743 3427 1883 3494 Nili
1965 3429 2260 3494 fontibus
2344 3450 2534 3516 egere
2614 3426 2771 3491 viris
2844 3426 3051 3491 doctis

534 3531 738 3596 veluti
827 3531 1182 3597 Pausaniae
1265 3533 1326 3623 (I
1380 3533 1522 3622 33),
1612 3534 1810 3600 Dioni
1896 3533 2114 3600 Cassio
2195 3535 2462 3624 (LXXV
2545 3531 2726 3620 13)²)
2793 3572 2875 3580 —-
2941 3534 3052 3597 sed

537 3637 732 3703 etiam
795 3638 1167 3726 Agrippae,
1243 3642 1354 3727 qui
1427 3643 1497 3709 in
1563 3642 1792 3708 tabula
1855 3665 1970 3707 sua
2031 3642 2257 3709 Nilum
2322 3666 2403 3708 ex
2480 3642 2680 3708 Iubae
2745 3640 3050 3726 opinione

719 3818 774 3885 1)
813 3816 881 3870 cf.
918 3817 1153 3888 Berger,
1192 3819 1359 3873 Erat.
1396 3820 1469 3886 fr.
1508 3839 1560 3889 p.
1592 3826 1658 3875 83
1682 3836 1801 3887 sqq.

702 3906 773 3974 2)
813 3907 881 3961 cf.
928 3907 1033 3964 Iul.
1080 3905 1222 3963 Hon.
1272 3924 1441 3963 cosm.
1472 3914 1540 3962 45
1587 3907 1675 3979 (R.
1707 3925 1764 3977 p.
1794 3910 1911 3979 48);
1959 3907 2247 3978 Cosmogr.
2277 3906 2399 3980 4516
2445 3908 2533 3978 (R.
2575 3926 2628 3977 p.
2659 3909 2770 3976 89),
2809 3905 2912 3962 ubi
2949 3923 3051 3976 pro

542 3992 648 4048 ‘ad
694 3995 1009 4051 cataractas
1054 3997 1359 4053 veteriores
1375 3999 1392 4026 ⁹
1444 4000 1637 4068 aperte
1685 3997 2041 4054 scribendum
2080 4000 2169 4053 est
2206 3997 2311 4052 ‘ad
2349 3997 2662 4051 cataractas
2699 3994 3050 4063 ulteriores',

538 4082 608 4137 cf.
639 4083 785 4141 Hon.
811 4083 876 4142 B.
907 4085 970 4139 R.
1006 4106 1059 4156 p.
1090 4094 1177 4146 48.
1244 4087 1579 4159 Obloquitur
1614 4090 1816 4158 postea
1855 4088 2083 4143 Orosius
2122 4088 2168 4157 (Ι
2194 4094 2226 4142 2
2266 4094 2296 4154 ξ
2326 4087 2444 4156 29):
2486 4086 2672 4140 ‘Hunc
2709 4087 2805 4156 (sc.
2836 4083 3053 4154 Nilum)

540 4172 717 4242 aliqui
755 4178 1013 4231 auctores
1051 4177 1239 4233 ferunt
1276 4178 1428 4234 haud
1475 4178 1673 4248 procul
1718 4179 1790 4233 ab
1835 4175 2107 4231 Athlante
2155 4176 2366 4232 habere
2413 4174 2626 4230 fontem
2677 4175 2734 4228 et
2781 4172 3052 4229 continuo

497 4296 509 4308 ·
537 4263 766 4318 harenis
812 4264 1018 4335 mergi,
1064 4266 1197 4322 inde
1244 4266 1539 4321 interiecto
1585 4265 1744 4320 brevi
1798 4264 1985 4334 spatio
2023 4264 2349 4322 vastissimo
2386 4264 2518 4318 lacu
2559 4263 2840 4318 exundare
2880 4265 3052 4332 atque

537 4351 673 4407 hinc
719 4370 931 4410 oceano
976 4359 1139 4410 tenus
1178 4355 1451 4411 orientem
1488 4372 1681 4410 versus
1719 4370 1820 4425 per
1856 4354 2193 4426 Aethiopica
2227 4355 2453 4410 deserta
2489 4351 2711 4424 prolabi
2748 4369 3051 4422 rursusque

540 4441 806 4497 inflexum
843 4445 917 4498 ad
955 4443 1242 4500 sinistram
1280 4446 1350 4500 ad
1388 4445 1710 4515 Aegyptum
1748 4444 2110 4501 descendere!
2127 4445 2144 4473 ’
2224 4446 2307 4500 Ex
2343 4443 2524 4514 ipsius
2562 4440 2748 4497 Orosii
2786 4441 3050 4512 opinione

540 4532 632 4600 (cf.
672 4538 702 4598 ξ
730 4535 821 4602 28)
859 4532 1023 4588 Nilus
1061 4535 1299 4605 emergit
1334 4534 1403 4589 de
1440 4533 1606 4590 litore
1643 4533 1967 4605 incipientis
2005 4533 2178 4590 maris
2214 4533 2392 4590 Rubri
2428 4533 2489 4588 in
2525 4534 2651 4587 loco
2698 4532 2797 4600 qui
2845 4530 3052 4586 dicitur

540 4619 827 4692 Mossylon
864 4625 1191 4693 emporium.
