3467 5334
594 403 681 467 26
1715 401 1899 473 Caput
1934 403 1978 461 Ι.

593 590 730 633 esse
770 571 1168 653 provectum7
1213 567 1451 632 nedum
1486 566 1725 632 litteris
1772 567 2196 652 mandaverit,
2243 572 2402 652 quot
2439 567 2688 631 dierum
2725 565 3108 631 confecisset

595 676 1097 762 navigationem,
1143 675 1527 759 priusquam
1573 675 1654 737 ad
1699 673 1958 760 singula
2004 674 2117 738 illa
2163 673 2431 739 flumina
2467 673 2883 758 perveniret?
2938 673 3109 739 Dein

590 806 805 848 nonne
869 783 1218 848 maximam
1281 785 1498 848 movet
1563 782 2082 866 admirationem,
2151 781 2325 866 quod
2386 781 2622 846 Hanno
2688 781 2769 845 ad
2831 781 3109 846 alterum

592 912 797 974 usque
834 890 1103 955 fluvium
1140 889 1611 955 crocodilorum
1639 889 2388 975 hippopotamorumque
2418 888 2685 972 plenum
2723 912 3108 975 progressus

592 997 812 1061 subito
843 997 1179 1063 subductis
1207 997 1368 1063 velis
1396 1001 1572 1062 retro
1602 996 1808 1061 flectit
1831 996 2013 1077 iter?
2059 994 2306 1060 Iustam
2334 994 2527 1060 huius
2564 994 2812 1060 reditus
2850 1018 3109 1061 causam

589 1104 936 1168 nemodum
965 1104 1203 1190 attulit,
1253 1126 1643 1189 quamquam
1682 1104 1793 1168 alii
1833 1102 2025 1167 aliam
2061 1103 2414 1167 finxerunt:
2463 1103 2643 1168 aiunt
2682 1103 2854 1168 enim
2889 1104 3107 1191 vulgO‚

590 1211 980 1276 Hannonem
1026 1211 1250 1277 relicta
1296 1212 1536 1276 maiore
1583 1211 1847 1276 navium
1892 1214 2078 1294 parte
2134 1209 2214 1274 ad
2262 1208 2512 1274 Cernen
2558 1211 2837 1275 insulam
2883 1212 3108 1296 paucis

597 1322 1011 1402 praevectum
1058 1341 1222 1405 esse,
1282 1323 1357 1384 ut
1405 1341 1552 1384 orae
1598 1322 1899 1383 naturam
1945 1321 2489 1402 perscrutaretur:
2553 1318 2792 1383 ‘c'etait
2837 1318 3110 1384 evidem-

596 1425 817 1509 ment'‚
871 1426 1086 1510 inquit
1130 1426 1443 1493 Vivienus
1499 1427 1577 1491 de
1624 1426 1714 1492 St.
1752 1425 1996 1491 Martin
2051 1424 2121 1513 (l.
2158 1424 2199 1489 l.
2248 1448 2311 1508 p.
2350 1422 2532 1511 385),
2599 1426 2788 1510 ‘pour
2833 1427 3109 1510 prendre

593 1555 719 1596 une
773 1533 914 1597 idee
979 1534 1280 1620 generale
1340 1535 1418 1600 de
1475 1539 1645 1599 cette
1701 1533 1929 1620 region
1983 1531 2280 1597 nouvelle
2336 1537 2402 1596 et
2459 1532 2537 1597 de
2602 1555 2708 1597 ces
2770 1556 3109 1600 nouveaux

592 1639 865 1722 peuples
930 1639 1083 1723 qu'il
1148 1640 1321 1705 avait
1384 1642 1654 1706 hasarde
1721 1644 1891 1705 cette
1956 1640 2181 1724 pointe
2247 1639 2406 1704 dans
2464 1640 2842 1705 l'interieur'
2858 1638 2926 1727 ¹).
3017 1640 3109 1707 At

592 1746 853 1811 omnino
902 1771 940 1810 a
987 1745 1190 1811 Cerne
1248 1747 1460 1813 insula
1512 1770 1643 1812 non
1704 1747 1835 1811 iam
1890 1746 2329 1831 emporiorum
2386 1748 2864 1812 condendorum
2918 1771 3110 1815 causa

592 1854 717 1918 iter
764 1855 846 1918 ab
894 1853 1212 1919 Hannone
1269 1856 1796 1940 continuabatur3
1861 1854 2364 1920 continuabatur
2419 1854 2563 1919 ideo
2621 1856 2858 1941 solum,
2919 1861 2994 1922 ut
3040 1858 3108 1922 in

592 1962 887 2027 futurum
932 1985 1121 2028 usum
1167 1986 1316 2027 orae
1363 1951 1528 2029 situs
1575 1962 2047 2046 exploraretur!
2111 1961 2340 2046 Itaque
2388 1985 2503 2027 cur
2549 1962 2653 2027 bis
2697 1962 2869 2028 idem
2914 1987 3107 2051 nego-

591 2069 760 2133 tium
803 2069 1038 2133 Hanno
1095 2071 1426 2155 suscepit?
1492 2069 1733 2147 Quodsi
1787 2091 1940 2134 vero
1996 2069 2271 2134 Entzius
2316 2068 2387 2157 (1.
2424 2069 2465 2133 l.
2504 2093 2567 2155 p.
2598 2068 2717 2157 38)
2780 2070 2860 2135 ad
2914 2071 3106 2136 inter-

592 2176 955 2260 polatorem
1028 2177 1429 2262 provocavit,
1503 2179 1728 2260 aperte
1792 2175 2177 2240 hariolatur:
2250 2176 2550 2242 videlicet
2620 2178 2838 2243 nescio
2914 2201 3106 2263 quem

589 2283 801 2349 virum
859 2285 1120 2349 doctum
1176 2284 1458 2369 Scylacis
1516 2283 1886 2348 narratione
1950 2286 2202 2347 motum
2258 2305 2395 2348 esse
2463 2285 2590 2349 sibi
2656 2286 2978 2370 persuasit
3033 2291 3106 2351 ut

564 2396 764 2457 ‘totas
827 2390 974 2455 illas
1038 2396 1173 2456 tres
1236 2393 1683 2478 paragraphos
1751 2413 1913 2476 quae
1979 2391 2056 2455 de
2125 2391 2465 2456 Hannonis
2528 2391 2739 2457 reditu
2813 2397 2964 2458 sunt
3037 2394 3107 2458 in

591 2498 944 2584 genuinum
990 2497 1348 2591 intruderet
1393 2499 1746 2584 periplum:
1798 2496 2032 2581 Scylax
2079 2496 2252 2561 ultra
2291 2495 2540 2563 Cernen
2585 2498 2876 2584 navigari
2913 2523 3105 2584 posse

588 2610 814 2692 negat:
878 2606 1098 2690 itaque
1153 2606 1686 2691 interpolatorem
1743 2605 1929 2670 illum
1984 2604 2370 2670 Hannonem
2431 2605 2513 2668 ad
2568 2604 2816 2671 Cernen
2869 2607 3105 2672 reverti

591 2717 885 2778 coactum
921 2713 1266 2778 induxisse.
1344 2714 1754 2802 Singularem
1789 2712 2120 2778 hominem
2157 2718 2223 2778 et
2262 2713 2500 2777 eximia
2536 2715 2888 2800 sagacitate
2925 2739 3105 2800 prae-

591 2818 824 2884 ditum!
879 2819 1234 2885 Helleboro
1281 2820 1341 2885 ei
1387 2823 1681 2907 profecto
1729 2843 1897 2905 opus
1940 2819 2199 2905 fuisset,
2245 2820 2301 2885 si
2348 2824 2689 2906 tantopere
2736 2822 3104 2908 ineptisset!

588 2926 794 2992 Mirus
840 2927 1045 3014 igitur
1091 2929 1377 3013 adeoque
1416 2928 1738 2994 absurdus
1783 2927 2125 2992 Hannonis
2170 2928 2417 2993 reditus
2464 2927 2768 2994 omnibus
2813 2929 3105 2996 videatur

588 3055 849 3100 necesse
897 3038 995 3098 est
1006 3032 1079 3122 2).

767 3157 905 3224 Iam
966 3182 1119 3225 vero
1194 3164 1454 3245 tempus
1528 3164 1627 3225 est
1698 3157 1916 3224 missis
1981 3158 2360 3224 recentioris
2434 3160 2666 3225 aetatis
2732 3161 3106 3228 auctoribus

590 3267 890 3332 adeamus
951 3269 1228 3333 veteres!
1304 3266 1911 3353 Circumspicientes
1976 3271 2194 3332 autem
2260 3290 2575 3351 quaenam
2637 3267 2706 3332 hi
2763 3268 2839 3333 de
2897 3268 3101 3335 Cerne

589 3372 801 3438 insula
848 3374 1256 3461 tradiderint,
1304 3379 1533 3460 stupor
1580 3373 1820 3439 incedit
1867 3377 2062 3458 atque
2110 3374 2478 3462 admiratio,
2534 3375 2590 3440 si
2637 3398 2954 3440 summam
3002 3376 3101 3441 de-

588 3480 965 3564 prendimus
1010 3481 1510 3548 inconstantiam
1555 3480 1778 3546 iudicii
1836 3484 1901 3544 et
1946 3480 2449 3547 fluctuationem.
2541 3482 2636 3548 Ut
2682 3482 2854 3548 enim
2900 3506 2975 3547 ea
3022 3507 3100 3548 ex

589 3610 657 3652 re
706 3586 947 3674 ordiar,
996 3611 1157 3673 quae
1204 3589 1480 3655 maxime
1526 3587 1782 3654 videtur
1826 3587 2164 3673 notabiliS‚
2212 3611 2250 3652 a
2295 3589 2797 3677 mythographis
2844 3589 3103 3656 Graecis

588 3694 928 3760 contrariis
1001 3695 1194 3781 plane
1269 3695 1623 3781 apponitur
1684 3693 1877 3758 locis:
1950 3716 2101 3759 nam
2175 3716 2322 3760 cum
2395 3698 2571 3782 apud
2632 3697 3103 3781 Palaephatum

587 3799 853 3889 (incred.
900 3800 1150 3867 XXXH
1186 3803 1247 3887 5,
1288 3801 1402 3890 10)
1451 3807 1516 3868 et
1551 3800 1913 3867 Diodorum
1958 3799 2083 3889 (m
2120 3801 2236 3889 54)
2283 3802 2353 3867 in
2400 3802 2662 3868 occiduo
2710 3804 2933 3869 mundi
2980 3808 3102 3868 ter-

588 3908 764 3974 mino
812 3907 938 3973 sita
982 3909 1246 3996 feratur,
1292 3910 1361 3976 in
1400 3910 1745 3976 orientales
1790 3913 2000 3974 terrae
2036 3909 2199 3974 fines
2236 3910 2656 3997 transmigrat
2694 3910 2867 3995 apud
2902 3910 3100 3995 Lyco-

588 4016 924 4101 phronem‚
972 4016 1082 4101 qui
1128 4015 1342 4105 (Alex.
1385 4014 1529 4105 18):

769 4284 821 4350 1)
860 4279 929 4334 cf.
968 4299 1021 4350 p.
1053 4286 1181 4337 386:
1241 4282 1492 4338 ‘Revenu
1536 4285 1572 4338 a
1609 4283 1787 4339 Cerne
1826 4283 1900 4337 ou
1937 4298 2068 4337 sans
2106 4280 2277 4337 doute
2314 4283 2503 4340 s'etait
2540 4286 2723 4340 arrete
2763 4285 2815 4339 le
2852 4301 2986 4355 gros
3025 4284 3095 4339 de

587 4367 646 4422 la
682 4368 859 4438 flotte‚
896 4368 1140 4424 l’amiral
1186 4371 1427 4441 reprend
1467 4371 1537 4424 de
1589 4387 1852 4427 nouveau
1888 4388 1953 4426 sa
1987 4371 2148 4426 route
2184 4388 2310 4427 vers
2357 4373 2411 4426 le
2449 4373 2580 4443 sud,
2626 4392 2770 4445 pour
2807 4374 3102 4430 continner

591 4473 695 4511 son
731 4461 1100 4514 aventureuse
1139 4460 1532 4531 exploration.'
1603 4460 1673 4515 ef.
1712 4458 1927 4515 Goebel
1963 4478 2017 4530 p.
2050 4464 2137 4516 57.

760 4569 816 4636 2)
851 4566 1048 4623 Palam
1102 4566 1211 4622 hoc
1254 4566 1539 4639 professus
1587 4568 1675 4622 est
1717 4564 1930 4637 Major,
1981 4567 2187 4624 Princo
2221 4567 2421 4640 Henry
2464 4570 2550 4624 the
2585 4569 2900 4638 Naviyator
2935 4587 2990 4639 p.
3021 4576 3088 4625 92

586 4653 877 4726 (‘without
911 4672 1019 4726 any
1057 4654 1380 4726 assignable
1417 4653 1680 4726 motive’)
1717 4654 1871 4727 apud
1906 4655 2272 4728 Bunburyum
2308 4657 2334 4712 I
2369 4676 2424 4731 p.
2457 4663 2561 4713 320
2599 4659 2712 4712 adn
2740 4664 2789 4713 8.
