3467 5334
509 362 638 480 1241
1611 392 1795 461 Caput
1832 389 1921 446 111.

506 579 715 641 neque
782 556 849 621 id
912 579 1179 642 prorsus
1245 555 1625 640 absurdum,
1699 554 2045 620 dummodo
2112 576 2221 618 eos
2294 553 2687 617 intellexerit
2751 556 3025 637 montes,

508 663 618 748 qui
685 687 892 749 prope
959 664 1341 728 hodiernum
1407 661 1932 747 promunturium
1998 664 2153 726 Nun
2218 661 2298 724 ad
2362 682 2535 725 mare
2601 663 3023 744 procurrunt3

506 768 574 832 id
638 770 809 834 enim
871 770 1075 835 teneri
1131 770 1351 855 iubeo,
1418 769 1589 854 quod
1647 768 1820 853 apud
1874 768 2259 833 Pausaniam
2316 767 2541 831 eodem
2597 764 2681 853 (I,
2729 763 2846 852 33)
2911 765 3023 829 illo

506 877 746 963 capite,
814 900 940 962 quo
1004 877 1142 944 Nili
1209 878 1423 941 fontes
1499 878 1897 961 quaeruntur
1960 875 2029 940 in
2090 873 2379 939 Atlantis
2443 873 2704 959 vicinia,
2762 874 3023 950 Λιξῖται

510 986 821 1048 vocantur
875 983 922 1048 ii
972 984 1240 1070 Libyes„
1290 987 1361 1049 οἳ
1411 986 1673 1067 ἔσχατοι
1726 984 1892 1064 πρὸς
1933 981 2237 1047 ’Ἄτλαντι
2295 983 2585 1063 οἰκοῦσι,
2644 984 3027 1063 σπείροντες

507 1087 629 1174 μὲν
689 1090 917 1174 οὐδέν,
977 1091 1105 1156 ἀπὸ
1163 1087 1237 1157 δὲ
1287 1090 1596 1175 ἀμπέλων
1645 1093 1878 1168 ζῶντες
1927 1088 2192 1174 ἀγρίων.
2259 1088 2395 1154 Iam
2449 1110 2601 1153 vero
2647 1086 2819 1172 vide,
2877 1110 3027 1171 qua·

506 1218 658 1260 nam
721 1197 825 1262 via
889 1221 1275 1286 progressus
1329 1197 1493 1263 Iuba
1559 1219 1638 1261 ex
1705 1196 1850 1261 istis
1905 1196 2244 1262 Hannonis
2303 1194 2520 1260 verbis
2589 1192 3032 1259 conclusiones

508 1302 756 1367 fecerit!
867 1305 1228 1370 Eructabat
1302 1328 1381 1369 ex
1454 1303 1793 1389 peramplo
1868 1303 1981 1369 illo
2055 1305 2199 1369 lacu
2274 1303 2476 1368 altera
2550 1323 2630 1366 ex
2704 1305 2888 1385 parte
2961 1301 3031 1365 in

509 1408 914 1475 Atlanticum
962 1435 1271 1477 oceanum
1312 1411 1684 1476 Chremetes
1721 1411 1976 1496 fluviuS,
2023 1412 2292 1476 alteram
2327 1431 2550 1474 versus
2586 1407 2795 1473 maius
2834 1407 3031 1473 etiam

507 1518 747 1580 flumen
812 1539 957 1582 cum
1015 1542 1089 1583 eo
1148 1519 1563 1604 cohaerebat,
1591 1502 1614 1514 l
1631 1519 1828 1604 quod,
1895 1541 2040 1584 cum
2093 1519 2327 1583 Hanno
2383 1539 2516 1582 non
2571 1513 3032 1600 significaverit

510 1630 853 1707 quamnam
915 1627 1197 1692 tenuerit
1253 1627 1414 1692 coeli
1466 1626 1828 1714 regionem,
1883 1626 2046 1692 Iuba
2093 1650 2208 1692 suo
2257 1626 2394 1692 iure
2441 1624 2758 1690 orientem
2803 1626 3026 1707 petere

504 1730 872 1796 existimare
919 1733 1153 1817 potuit.
1246 1733 1410 1798 Erat
1457 1738 1675 1799 autem
1723 1734 1999 1799 alterum
2045 1735 2169 1799 hoc
2214 1734 2456 1798 flumen
2500 1731 2768 1816 plenum
2815 1752 3023 1795 croco-

505 1838 783 1903 dilorum
840 1843 904 1905 et
950 1841 1599 1927 hippopotamorum,
1657 1842 1768 1926 qui
1816 1864 1943 1907 uno
1989 1842 2144 1909 Nilo
2192 1841 2390 1906 fluvio
2438 1838 2525 1904 ali
2569 1837 2768 1924 vulgo
2816 1837 3024 1902 crede-

504 1946 745 2010 bantur
798 1969 836 2010 a
889 1948 1244 2014 veteribus:
1305 1949 1473 2014 unde
1532 1948 1688 2033 quid
1741 1949 1995 2033 mirum,
2053 1949 2225 2032 quod
2277 1947 2441 2013 Iuba
2493 1945 2632 2012 Nili
2688 1946 2901 2010 fontes
2957 1968 3025 2009 se

504 2053 864 2138 repperisse
930 2059 996 2120 et
1060 2056 1357 2143 aenigma
1420 2055 1584 2120 illud
1638 2055 1904 2121 solvisse
1962 2055 2278 2142 gloriatus
2335 2059 2458 2140 est,
2523 2053 2695 2140 quod
2751 2076 2869 2138 per
2924 2057 3028 2118 tot

505 2160 759 2225 saecula
812 2163 1337 2248 geographorum
1385 2185 1650 2247 operam
1701 2163 1944 2228 luserat
1991 2168 2055 2228 et
2102 2166 2378 2229 torserat
2425 2184 2693 2226 acumen
2740 2161 3026 2245 adeoque

506 2267 794 2332 omnium
840 2272 1136 2334 tenuerat
1183 2270 1450 2356 animos,
1496 2273 1570 2334 ut
1606 2269 1904 2358 Lucanus
1942 2267 2192 2357 (Phara
2229 2269 2291 2333 X
2332 2271 2457 2334 188
2480 2265 2647 2355 sqq.)
2689 2265 3027 2332 Caesarem

506 2375 841 2440 induceret
886 2374 1286 2461 loquentem:

873 2516 1000 2581 Sed
1047 2540 1193 2584 cum
1239 2522 1422 2583 tanta
1468 2541 1611 2583 meo
1657 2518 1834 2584 vivat
1881 2519 2001 2584 sub
2051 2511 2312 2603 pectore
2358 2518 2582 2601 virtuS‚

870 2628 1093 2689 tantus
1138 2647 1317 2690 amor
1363 2625 1527 2711 veri,
1575 2625 1742 2691 nihil
1789 2631 1887 2691 est
1945 2626 2118 2711 quod
2162 2647 2424 2691 noscere
2472 2624 2695 2689 malim

881 2755 1075 2817 quam
1121 2732 1302 2798 fluvii
1351 2756 1574 2798 causas
1620 2756 1740 2818 per
1788 2734 2040 2799 saecula
2088 2738 2271 2797 tanta
2314 2732 2593 2797 latentes

874 2839 1302 2926 ignotumque
1350 2845 1571 2925 caput:
1620 2864 1771 2926 spes
1818 2841 1904 2906 sit
1950 2840 2111 2905 mihi
2159 2844 2332 2905 certa
2376 2838 2634 2904 videndi

870 2946 1161 3013 Niliacos
1206 2948 1449 3034 fontes,
1495 2947 1744 3012 bellum
1790 2947 1975 3012 civile
2023 2946 2401 3030 relinquam.

507 3106 742 3171 Hanno
798 3129 948 3171 vero
1002 3107 1095 3171 ita
1142 3107 1327 3193 quasi
1373 3113 1562 3192 pater
1609 3107 1830 3172 extitit
1878 3107 2169 3193 quamvis
2216 3087 2470 3173 invitus
2505 3105 2791 3192 ingentis
2836 3104 3027 3169 istius

509 3213 744 3278 erroris
752 3265 769 3299 ,
816 3214 885 3279 in
932 3236 1059 3300 quo
1109 3237 1330 3280 omnes
1376 3216 1510 3280 fere
1557 3214 1939 3300 posterioris
1985 3214 2217 3280 aetatis
2262 3218 2600 3279 versantur
2644 3212 3024 3300 geographi.

512 3318 995 3386 Consectarium
1023 3326 1239 3387 autem
1269 3321 1461 3387 simul
1499 3327 1616 3406 est,
1655 3322 1709 3385 si
1748 3323 1913 3386 hanc
1950 3323 2193 3406 probas
2233 3321 2750 3407 explicationem,
2786 3321 3028 3385 frustra

511 3426 794 3519 laborari
851 3428 933 3491 ab
1006 3429 1125 3514 eis,
1184 3430 1294 3514 qui
1351 3429 1526 3493 omni
1580 3429 1772 3494 modo
1828 3428 2028 3495 Iubae
2082 3430 2462 3495 relationem
2517 3451 2664 3493 cum
2718 3427 3028 3493 hodierna

508 3556 723 3599 rerum
767 3538 1000 3599 natura
1045 3536 1308 3600 student
1355 3536 1719 3601 conciliare:
1767 3559 1962 3601 unam
2010 3560 2044 3601 6
2091 3537 2400 3602 sescentis
2445 3536 2663 3621 pravis
2709 3534 3026 3621 opinioni-

510 3642 662 3726 bus,
719 3664 881 3726 quae
936 3642 1149 3727 primo
1197 3645 1435 3708 obtutu
1483 3642 1768 3726 aliquam
1814 3643 2042 3708 saltem
2087 3644 2382 3709 veritatis
2428 3643 2710 3728 speciem
2756 3665 2911 3727 prae
2957 3666 3025 3708 86

509 3749 676 3812 ferre
703 3748 973 3835 videtur,
1003 3750 1280 3835 carptim
1308 3751 1575 3837 stringo,
1623 3748 1946 3815 Videlicet
1972 3751 2353 3816 Knoetelius
2369 3749 2418 3839 ¹)
2444 3755 2509 3815 et
2535 3751 2961 3836 Knuetgenus
2972 3746 3026 3837 ²)

510 3854 740 3920 Iubam
795 3857 1012 3941 ipsum
1066 3857 1365 3923 incidisse
1423 3858 1911 3923 arbitrabantur
1970 3859 2039 3923 in
2085 3881 2232 3923 eum
2277 3858 2513 3942 lacum,
2571 3857 2679 3940 qui
2728 3857 2796 3921 in
2843 3880 3027 3942 supe-

508 3963 676 4028 riore
735 3963 919 4027 Dran.
984 3964 1268 4030 fluminis
1325 3969 1510 4048 parte
1566 3964 1731 4030 situs
1790 3968 1854 4029 et
1908 3964 2101 4049 plane
2158 3965 2516 4030 exsiccatus
2571 3968 2714 4029 tum
2770 3965 3027 4029 demum

511 4071 703 4136 hodie
749 4071 1179 4158 cognoscitur,
1226 4094 1372 4137 cum
1420 4071 1658 4136 imbres
1704 4076 1973 4154 repente
2019 4071 2328 4136 torrentis
2365 4071 2555 4136 modo
2596 4071 2782 4136 effusi
2820 4075 3027 4136 totam

510 4177 826 4242 inundant
902 4163 1270 4264 regionem:
1341 4183 1609 4244 vocatur
1670 4200 1842 4243 nunc
1906 4179 2152 4243 Debaia
2173 4176 2243 4268 3).
2352 4178 2498 4244 Huc
2563 4178 2766 4265 igitur
2826 4177 3027 4243 Iubae

694 4377 721 4425 1
827 4414 838 4426 .
872 4378 897 4426 1
961 4390 985 4426 8
1069 4414 1082 4428 .

703 4374 758 4530 2))
783 4379 1094 4518 ἱνεῖοῆῗὲπ
1132 4463 1229 4518 der
1264 4462 1441 4517 Altero.
1467 4462 1598 4516 tiber
1634 4462 1724 4516 die
1760 4461 2075 4531 Nilquellen
2110 4480 2162 4531 p.
2195 4470 2244 4518 6.

699 4553 753 4618 3)
792 4550 861 4605 cf.
899 4549 1098 4605 Rohlfs
1141 4553 1258 4607 Pet.
1308 4568 1439 4606 amc.
1483 4555 1635 4606 1865.
1674 4550 1790 4606 tab.
1831 4550 1926 4606 VI.
1977 4551 2045 4606 H.
2085 4552 2160 4605 de
2202 4551 2446 4607 Castries
2495 4551 2625 4607 bun.
2664 4551 2718 4606 d.
2756 4552 2792 4606 Ζ.
2830 4568 2933 4607 soc.
2972 4553 3026 4609 d.

510 4642 687 4718 ράορν.
727 4641 794 4694 de
827 4640 996 4697 Paris
1036 4646 1193 4711 1880,
1235 4646 1315 4695 12.
