3467 5334
1232 1048 1580 1124 Tabula
1633 1044 2182 1145 argumenti.

2853 1266 2957 1306 pag.

455 1331 816 1388 Praefatio
885 1366 2609 1388 .........................
2926 1331 2959 1380 3

1538 1491 1784 1576 Caput
1827 1488 1862 1554 I

455 1621 511 1690 a)
546 1616 840 1674 Hannonis
874 1617 986 1673 iter
1022 1617 1333 1671 enarratur.

614 1707 807 1777 agitur
842 1708 912 1760 de
947 1704 1205 1761 Herculis
1244 1704 1518 1760 columnis
1534 1744 2617 1761 ................
2775 1709 2808 1759 6
2846 1721 2969 1772 sqq.

705 1839 737 1865 ‚‚
838 1796 909 1850 de
948 1784 1335 1865 Thymiaterio
1372 1792 1511 1847 urbe
1538 1833 2620 1849 ................
2776 1800 2808 1849 8
2883 1836 2914 1862 ,‚

706 1928 739 1954 ‚‚
840 1884 911 1939 de
948 1883 1211 1939 Soloente
1248 1881 1636 1953 promunturio
1678 1923 2615 1941 ...............
2739 1888 2806 1937 10
2880 1924 2912 1950 ,,

722 2016 738 2042 ,
838 1975 908 2028 de
964 1972 1212 2043 quinque
1265 1970 1505 2027 coloniis
1559 1971 1631 2025 ab
1685 1968 1959 2023 Hannone
2013 1967 2163 2023 inter
2204 1969 2315 2025 hoe
2366 1987 2630 2040 promun-

905 2065 1119 2118 turium
1155 2064 1215 2116 et
1247 2061 1451 2115 Lixum
1485 2058 1717 2115 fiuvium
1757 2057 1999 2111 conditis
2033 2100 2615 2117 .........
2738 2067 2805 2116 14
2881 2103 2912 2130 ,‚

703 2197 736 2222 ‚,
835 2155 907 2208 de
942 2153 1082 2208 Lixo
1118 2150 1291 2206 fluvio
1323 2189 2619 2208 ...................
2738 2157 2805 2205 18
2881 2192 2911 2219 ,,

705 2286 737 2311 ‚‚
839 2244 908 2297 de
946 2241 1123 2296 Cerne
1159 2239 1349 2294 insula
1384 2237 1615 2307 eiusque
1649 2235 1861 2292 vicinia
1891 2276 2617 2297 ...........
2736 2246 2806 2295 20
2880 2282 2912 2307 ‚‚

703 2377 737 2403 ,‚
839 2330 909 2385 de
944 2328 1233 2383 montibus
1271 2326 1495 2383 silvosis
1530 2342 1597 2380 ao
1632 2326 1796 2379 vasto
1832 2321 2005 2381 maris
2041 2321 2203 2399 hiatu
2248 2369 2620 2385 ......
2739 2334 2808 2383 36
2882 2371 2915 2396 ,,

704 2466 739 2491 ,,
839 2421 910 2475 de
946 2417 1223 2489 Hesperio
1260 2414 1651 2487 promunturio
1677 2453 2618 2474 ..............
2737 2425 2804 2474 47
2881 2460 2912 2487 „

704 2555 736 2581 ,‚
836 2509 907 2565 de
943 2509 1172 2579 regione
1210 2505 1656 2562 suffimentorum
1693 2501 1867 2573 plena
1893 2543 2617 2562 ...........
2737 2512 2808 2561 54
2881 2549 2913 2575 ,,

707 2641 739 2667 ,,
838 2597 909 2655 de
945 2598 1140 2652 Theon
1177 2596 1485 2651 Ochemate
1520 2594 1713 2648 monte
1748 2632 2477 2648 ...........
2519 2601 2585 2649 57
2624 2612 2708 2664 sq.
2737 2602 2806 2652 62
2881 2638 2913 2664 „

838 2686 908 2740 de
945 2685 1085 2740 Noti
1119 2701 1289 2739 cornu
1315 2722 2614 2740 ...................
2735 2690 2802 2739 59
2878 2727 2911 2753 ,,

456 2778 516 2849 b)
550 2776 892 2830 Tractentur
919 2775 1015 2844 qui
1042 2775 1268 2845 praeter
1294 2771 1630 2827 Hannonem
1660 2768 1731 2823 de
1761 2765 1998 2822 occidua
2023 2765 2238 2838 Libyae
2265 2786 2364 2824 ora
2391 2774 2630 2841 egerunt
2700 2838 2705 2843 ,

687 2863 896 2935 quique
934 2865 1181 2919 aetatem
1216 2862 1472 2917 tulerunt
1507 2860 1838 2928 scriptores·
1927 2885 1935 2891 -
2601 2928 2609 2935 ι

615 2953 820 3024 Scylax
884 2984 919 3009 .·
955 2989 2613 3010 ........................
2734 2960 2803 3008 64
2874 2995 2913 3024 ,‚

612 3041 831 3098 Plinius
887 3079 2545 3098 ........................
2600 3054 2617 3097 ·.
2735 3050 2802 3099 67
2880 3085 2913 3113 ,,

614 3130 973 3189 Ptolemaeus
1027 3168 2472 3186 .....................
2520 3136 2584 3187 71
2617 3149 2698 3202 sq.
2740 3138 2806 3189 75
2879 3174 2913 3201 ,,

616 3223 833 3277 Statius
872 3219 1116 3276 Sebosus
1178 3258 2618 3276 .....................
2738 3227 2803 3275 72
2875 3262 2911 3290 „

1076 3460 1082 3469 (
1519 3380 1768 3466 Caput
1812 3378 1896 3445 H.

454 3513 509 3576 a)
545 3507 768 3563 Dicitur
803 3508 871 3562 de
908 3503 1200 3560 Hannonis
1236 3503 1361 3560 vita
1395 3505 1455 3559 et
1491 3505 1681 3559 aetate
1744 3544 2616 3562 .............
2736 3514 2806 3563 80
2878 3549 2911 3575 ‚,

614 3594 900 3664 quaeritur
935 3594 1006 3649 de
1041 3594 1223 3663 primo
1259 3593 1485 3649 foedere
1521 3593 1673 3648 inter
1699 3592 1986 3647 Romanos
2023 3593 2081 3646 et
2118 3591 2617 3663 Carthaginienses

1111 3683 1226 3737 icto
1249 3724 2617 3742 ....................
2734 3692 2802 3741 81
2877 3726 2911 3754 ,,

938 3772 1009 3827 de
1043 3770 1275 3842 Teaspis
1305 3771 1510 3827 itinere
1531 3812 2616 3831 ................
2735 3781 2805 3830 84
2880 3818 2911 3844 „

934 3862 1005 3919 de
1042 3858 1317 3919 Herodoti
1348 3858 1575 3930 Libycis
1598 3901 1626 3917 .-
1668 3902 1682 3916 .
1742 3903 1754 3915 .
1815 3902 1828 3915 .
1882 3903 1898 3917 .
1960 3902 1972 3914 .
2032 3901 2044 3914 .
2102 3902 2114 3915 .
2174 3904 2185 3917 .
2249 3905 2260 3916 .
2316 3905 2329 3917 .
2390 3906 2402 3917 .
2470 3869 2537 3919 87
2579 3881 2698 3934 sqq.
2738 3871 2809 3923 94
2845 3881 2927 3934 sq.

932 3952 1003 4008 de
1040 3952 1329 4008 Hecataeo
1364 3947 1587 4004 Milesio
1673 3989 2618 4011 ..............
2740 3960 2809 4009 95
2847 3971 2968 4024 sqq.

933 4041 1002 4097 de
1040 4041 1473 4112 Magonidarum
1508 4036 1731 4094 familia
1750 4079 2262 4099 ........
2349 4046 2414 4095 91
2457 4059 2537 4111 sq.
2578 4049 2664 4100 99.
2706 4050 2810 4119 104
2846 4061 2930 4114 sq.

611 4129 1040 4197 demonstratur,
1079 4130 1264 4199 qualis
1299 4129 1511 4186 fuerint
1546 4125 1733 4181 medio
1770 4126 1888 4180 fere
1924 4126 2152 4182 saeculo
2179 4127 2231 4183 V
2257 4127 2342 4185 rei
2376 4132 2640 4202 publicae

684 4218 1169 4289 Carthaginiensis
1207 4223 1387 4277 status
1424 4221 1597 4290 atque
1635 4214 1893 4275 condicio
1968 4259 2413 4278 .......
2472 4227 2540 4276 92
2579 4239 2698 4293 sqq.
2738 4229 2805 4280 99
2845 4240 2964 4293 sqq.

451 4308 514 4380 b)
551 4309 886 4380 Disputatur
914 4308 983 4362 de
1012 4306 1093 4362 eis
1120 4307 1420 4364 itineribus
1449 4325 1593 4379 quae
1619 4308 1748 4377 post
1764 4305 2058 4363 Hannonis
2083 4307 2365 4380 periplum
2392 4308 2453 4365 in
2481 4309 2626 4365 oooi·

682 4396 967 4452 dentalem
1001 4396 1241 4469 Libyam
1276 4397 1432 4452 facta
1467 4399 1619 4452 suntz

611 4487 681 4543 de
720 4485 1089 4557 Euthymenis
1127 4484 1484 4558 expeditione
1531 4526 2615 4548 ................
2705 4498 2806 4548 105
2845 4512 2928 4563 sq.

611 4576 681 4632 de
716 4574 942 4646 Polybii
1254 4618 1288 4646 „
1538 4623 2618 4639 ................
2707 4586 2807 4638 107
2865 4623 2900 4651 ,,

610 4666 683 4722 do
717 4664 938 4723 Eudoxi
1260 4710 1293 4739 ,‚
1537 4711 1549 4723 .
1609 4713 1620 4724 .
1681 4713 1690 4724 .
1754 4703 1776 4724 .-
1823 4713 2618 4730 ............
2708 4676 2809 4727 108
