3467 5334
403 424 488 479 De
518 422 815 480 itineribus
835 427 966 494 post
981 424 1319 479 Hannonem
1338 424 1396 479 in
1427 424 1662 480 eandem
1691 424 1983 495 regionem
2011 424 2179 479 factis
2201 424 2292 494 (de
2311 425 2701 494 Euthymene).
2779 423 2906 488 105

401 585 702 652 Schaefer
737 585 830 674 (p.
861 585 1022 674 399)
1060 591 1125 653 et
1160 587 1428 653 Meltzer
1467 590 1555 673 (p.
1587 585 1748 675 228)
1786 592 2225 671 exposuerunt
2263 591 2485 653 contra
2514 587 2908 653 Moversium

400 693 493 781 (II
533 697 589 780 1,
626 692 788 781 474)
832 698 897 759 et
941 695 1411 760 Mommsenum
1457 694 1519 782 (I
1553 693 1733 781 491),
1780 694 2056 760 Dionem
2105 694 2635 780 chrysostomum
2671 694 2908 783 (XXV3

399 800 431 866 I
476 825 539 886 p.
579 802 708 866 522
727 800 834 888 R.)
888 802 1185 888 Magonis
1240 806 1571 887 nepotem,
1626 801 2059 889 navigationis
2105 804 2523 888 praefectum,
2569 802 2904 888 respicere,

402 931 548 974 cum
585 908 779 973 dicat:
803 910 1277 1000 ,Καρχηδόνιος
1314 907 1387 976 δὲ
1409 908 1672 974 ’Ἀννων
1710 906 1833 995 μὲν
1869 908 2016 975 ἀντὶ
2053 914 2317 997 Τυρίων
2356 911 2621 994 ἐποίησε
2651 913 2906 992 Λίβυας

401 1015 510 1081 καὶ
557 1017 820 1101 Λιβύην
866 1028 1196 1081 κατοικεῖν
1243 1014 1391 1081 ἀντὶ
1435 1019 1752 1100 Φοινίκης
1795 1014 1907 1081 καὶ
1952 1020 2248 1102 χρήματα
2293 1017 2507 1082 πολλὰ
2543 1023 2902 1100 κεκτῆσθαι

267 1122 272 1126 ’
402 1120 509 1188 καὶ
566 1123 777 1207 συχνὰ
833 1122 1112 1209 ἐμπόρια
1167 1121 1275 1188 καὶ
1333 1121 1600 1207 λιμένας
1658 1121 1771 1188 καὶ
1817 1127 2105 1209 τριήρεις
2148 1121 2256 1188 καὶ
2302 1127 2552 1207 πολλῆς
2596 1118 2719 1207 μὲν
2767 1131 2909 1207 γῆς,

401 1233 649 1313 πολλῆς
695 1224 770 1294 δὲ
814 1230 1147 1314 θαλάττης
1191 1230 1435 1315 ἄρχειν.

1439 1392 1825 1400 ———-...

576 1512 795 1598 Atque
845 1514 1002 1578 haec
1050 1513 1308 1599 quidem
1351 1514 1688 1579 hactenus!
1779 1512 1872 1579 Ut
1919 1518 2134 1578 autem
2181 1514 2436 1578 futurae
2484 1514 2910 1603 disputationi

405 1626 577 1687 certa
621 1620 1038 1685 fundamenta
1083 1620 1416 1706 iaciantur,
1461 1621 1685 1705 paucis
1731 1624 1991 1704 oportet
2038 1619 2114 1685 de
2160 1620 2253 1685 eis
2290 1643 2707 1705 praemonere
2747 1644 2911 1705 quae
2983 1659 2989 1664 ·

398 1733 546 1813 post
601 1728 941 1793 Hannonis
1005 1730 1485 1813 expeditionem
1548 1729 1618 1793 in
1681 1727 2013 1793 occiduam
2067 1727 2314 1811 Libyae
2377 1750 2554 1792 oram
2611 1732 2911 1813 suscepta

399 1840 548 1901 sunt
593 1835 965 1900 itineribus:
1013 1858 1286 1920 quorum
1334 1840 1650 1921 quantum
1696 1834 1932 1901 scimus
1980 1834 2374 1921 perexiguus
2413 1838 2550 1898 erat
2586 1857 2910 1900 numerus

379 1942 380 1945 '
574 1943 695 2020 Qui
757 1964 905 2008 vero
961 1943 1210 2027 primus
1265 1948 1415 2028 post
1470 1942 1856 2008 Hannonem
1913 1942 2374 2007 occidentalem
2427 1940 2674 2026 Libyae
2730 1964 2908 2006 oram

397 2032 752 2116 acc'uratius
802 2055 1243 2134 perscrutatus
1280 2054 1397 2135 est,
1450 2048 1981 2133 Euthymenes
2026 2048 2153 2112 fuit
2208 2047 2629 2114 Massiliensis
2638 2100 2656 2133 ,
2718 2053 2912 2114 notus

399 2182 471 2224 66
533 2180 629 2241 re,
703 2156 874 2241 quod
940 2157 1017 2220 de
1079 2156 1218 2223 Nili
1284 2157 1580 2222 fontibus
1642 2155 2010 2220 fabulosam
2073 2155 2327 2219 rettulit
2390 2154 2826 2220 narrationem
2841 2153 2910 2242 ¹).

400 2264 675 2331 Censent
738 2263 1057 2348 plerique,
1122 2288 1269 2329 eum
1335 2264 1668 2349 aequalem
1731 2262 1930 2327 fuisse
1985 2262 2301 2348 Pytheae,
2366 2262 2569 2327 veluti
2622 2261 2911 2329 Ukertus

397 2371 456 2461 (Ι
496 2375 554 2457 1,
595 2367 771 2456 113),
816 2369 1338 2437 Muellenhoffius
1377 2371 1438 2459 (Ι
1480 2367 1656 2456 180),
1701 2370 2051 2454 Kiepertus
2088 2369 2180 2457 (p.
2219 2367 2319 2456 4),
2359 2369 2605 2453 ‘quibus
2649 2370 2912 2434 assenti-

398 2483 504 2543 tur
570 2476 764 2542 etiam
818 2477 1085 2543 Meltzer
1141 2477 1233 2566 (p.
1284 2475 1463 2565 507),
1527 2500 1674 2542 cum
1739 2499 1817 2541 ex
1878 2476 2149 2561 Ephoro
2215 2500 2363 2542 eum
2427 2475 2719 2541 hausisse
2784 2478 2913 2542 sibi

398 2584 791 2670 persuaserit
803 2581 875 2671 2).
958 2584 1050 2650 Ut
1088 2584 1240 2650 hinc
1279 2583 1703 2667 exordiamur,
1742 2582 2083 2649 manifesto
2122 2584 2272 2650 111116
2311 2585 2699 2668 adversatur,
2741 2586 2914 2669 quod

398 2692 702 2778 Ephorus
748 2691 888 2776 ipse
936 2690 1043 2779 (cf.
1081 2691 1220 2757 Α61.
1260 2690 1458 2756 Arist.
1497 2689 1559 2755 H
1595 2688 1758 2776 471)
1794 2689 2273 2776 Euthymenem
2312 2692 2389 2756 de
2428 2690 2914 2757 intricatissima

399 2799 512 2863 illa
568 2797 943 2882 quaestione
1000 2822 1164 2883 quae
1223 2804 1359 2863 erat
1406 2797 1482 2863 de
1526 2796 1667 2864 Nili
1722 2798 1934 2883 capite
1992 2799 2150 2862 adiit
2207 2798 2470 2882 eiusque
2517 2798 2661 2863 risit
2706 2800 2913 2864 hario-

401 2906 691 2971 lationes.
763 2904 1106 2989 Perspexit
1143 2908 1266 2972 hoc
1304 2910 1474 2972 recte
1512 2901 1808 2990 Bauer3),
1856 2905 1966 2990 qui
2004 2909 2078 2970 ut
2116 2905 2192 2970 de
2231 2903 2663 2989 Euthymenis
2702 2910 2913 2970 aetate

404 3012 641 3078 certius
679 3010 1157 3077 existimaretur
1194 3012 1508 3078 auxilium
1547 3011 1804 3076 aliunde
1842 3010 2092 3096 petivit.
2147 3011 2582 3077 Enumeratur
2618 3011 2790 3076 enim
2829 3012 2911 3076 ab

400 3141 721 3205 anonymo
748 3118 1124 3183 Florentino
1163 3119 1346 3208 (post
1373 3120 1609 3185 Athen.
1639 3117 1730 3207 Π)
1745 3116 1800 3205 4)
1828 3117 2274 3204 Euthymenes
2303 3121 2452 3182 ante
2480 3118 2911 3206 Herodotum3

400 3249 624 3293 verum
677 3230 922 3309 tamen,
978 3248 1293 3309 quaenam
1347 3227 1541 3291 huius
1599 3224 1842 3290 ordinis
1895 3225 2055 3290 fides
2111 3225 2222 3308 sit,
2279 3224 2428 3289 inde
2485 3224 2915 3312 intellegitur,

407 3335 579 3420 quod
607 3333 847 3398 ibidem
878 3331 1304 3399 Callisthenes
1330 3334 1630 3398 laudatur
1658 3336 1808 3397 ante
1837 3331 2296 3397 Democritum.
2343 3331 2441 3397 Ac
2460 3354 2541 3395 ne
2573 3355 2653 3396 ex
2674 3331 2915 3399 Seneca

403 3441 663 3526 quidem
721 3438 878 3527 (nat.
929 3446 1172 3523 quaest.
1220 3440 1313 3507 IV
1352 3443 1419 3525 2,
1471 3436 1789 3524 17—30)‚
1847 3438 1956 3523 qui
2003 3437 2483 3523 Euthymenem
2529 3439 2720 3524 ponit
2764 3444 2916 3524 post

400 3549 762 3630 Thaletem,
819 3546 976 3611 satis
1031 3551 1175 3613 tuto
1224 3547 1657 3612 coniecturam
1702 3544 1925 3631 facias3
1980 3568 2130 3610 nam
2179 3546 2352 3631 quod
2398 3545 2509 3610 ille
2554 3546 2917 3632 pollicetur,

401 3679 469 3721 se
535 3677 644 3719 eos
709 3653 820 3738 qui
877 3653 953 3717 de
1009 3653 1146 3718 Nili
1203 3653 1617 3719 incrementis
1674 3653 2050 3738 scripserint
2105 3657 2399 3719 auctores
2455 3652 2911 3740 chronologico

401 3762 865 3828 recensiturum
929 3783 1065 3825 esse
1131 3761 1388 3846 ordine,
1453 3761 1545 3824 ita
1610 3764 1682 3824 ut
1748 3760 1830 3823 ab
1898 3759 2365 3844 antiquissimis
2430 3759 2735 3845 incipiat,
2809 3760 2914 3825 his

402 3869 711 3935 utendum
766 3867 958 3932 certis
1014 3889 1159 3932 cum
1206 3866 1640 3951 cautionibus3
1697 3865 1943 3931 scilicet
1987 3866 2145 3931 haec
2190 3867 2296 3931 lex
2344 3866 2437 3930 ita
2479 3866 2786 3951 violatur,
2841 3872 2915 3932 ut

401 3974 852 4060 antiquissimo
900 3975 1129 4060 cuique
1178 3974 1400 4040 statim
1438 3975 1861 4040 adnectantur
1898 3973 1963 4051 ii,
2012 3997 2284 4058 quorum
2323 3973 2679 4039 sententiae
2720 3975 2910 4040 simili

404 4086 767 4149 exstructae
834 4086 1017 4146 erant
1079 4083 1525 4149 fundamento:
1589 4082 1701 4145 ita·
1744 4081 2193 4167 Euthymenes
2258 4104 2386 4147 una
2449 4103 2595 4146 cum
2649 4081 2917 4146 Thalete

400 4189 726 4273 laudatur,
779 4210 910 4253 non
966 4210 1093 4274 quo
1150 4213 1231 4256 ex
1285 4195 1653 4276 temporum
1707 4189 1957 4256 ratione
2013 4213 2160 4256 eum
2208 4190 2291 4256 sit
2338 4191 2750 4276 subsecutuS‚
2804 4190 2917 4255 sed

585 4405 638 4471 1)
677 4401 746 4458 cf.
786 4400 1037 4470 Mueller,
1077 4402 1149 4456 F.
1183 4402 1258 4457 H.
1288 4402 1387 4457 Gr.
1427 4403 1504 4458 IV
1541 4423 1596 4475 p.
1626 4409 1747 4460 408.

586 4496 641 4560 2)
680 4489 748 4545 cf.
791 4489 1004 4545 Goebel
1039 4508 1093 4560 p.
1125 4495 1206 4545 16.

585 4579 889 4651 3)'!Histor.
937 4579 1148 4635 Umers.
1185 4581 1285 4647 far
1320 4579 1541 4635 Arnold
1578 4580 1810 4647 Schdfer
1844 4600 1897 4651 p.
1931 4586 2012 4636 74„

582 4672 641 4738 4)
678 4668 746 4723 cf.
785 4667 967 4739 Diels,
1005 4669 1230 4739 doxoyr.
1267 4687 1323 4739 p.
1354 4673 1476 4725 228.
