3467 5334
582 419 669 481 22
1707 415 1893 484 Caput
1929 414 1970 467 I.

582 579 841 664 iniuria,
899 581 1023 646 Rio
1077 582 1151 646 de
1203 581 1355 663 Or0,
1410 579 1478 643 in
1534 578 1716 643 cuius
1770 577 2000 642 intimo
2059 599 2314 642 recessu
2358 578 2572 643 Heme
2625 577 2836 642 insula
2886 581 3095 642 terrae

583 688 939 753 continenti
996 688 1292 772 proxime
1347 686 1593 752 adiacet
1606 686 1687 773 ¹):
1753 708 1948 771 quam
1995 684 2262 749 eandem
2324 708 2463 749 esse
2518 688 2714 768 atque
2759 684 3097 750 Hannonis

581 794 1106 880 reliquorumque
1179 798 1470 859 veterum
1546 793 1795 859 Cernen
1867 791 2174 877 proclivis
2253 796 2391 856 erat
2464 791 2747 876 suspicio
2823 792 3095 876 ideoque

578 902 807 973 „multis
862 902 1108 986 placuit
1153 898 1638 988 geographis²):
1693 900 1866 965 inter
1909 899 2031 964 hos
2078 899 2257 983 ipsos
2294 902 2512 964 autem
2558 921 2795 985 magna
2832 902 2931 963 est
2977 899 3098 963 dis-

585 1008 815 1094 sensi0‚
863 1008 1125 1093 quinam
1162 1009 1434 1094 putandi
1481 1008 1612 1073 sint
1649 1007 1989 1072 Hannonis
2024 1007 2205 1072 fluvii
2252 1029 2326 1071 ac
2364 1028 2698 1091 quousque
2737 1006 2877 1071 eius
2921 1007 3098 1071 lacus

583 1116 932 1201 pertineat3
977 1138 1128 1180 nam
1163 1116 1477 1182 Vivienus
1525 1115 1601 1180 de
1640 1115 1730 1180 St.
1770 1114 2011 1179 Martin
2055 1113 2149 1203 (p.
2188 1112 2351 1201 382)
2399 1115 2523 1179 duo
2565 1114 2877 1198 Seneyalis
2917 1113 3097 1179 fluvii

585 1223 751 1288 ostia
810 1246 930 1307 pro
987 1223 1118 1287 illis
1180 1224 1406 1306 habet,
1469 1224 1680 1287 lacum
1744 1244 1895 1286 vero
1960 1221 2254 1307 intellegi
2319 1221 2504 1285 iubet
2567 1221 2950 1286 hodiernum
3005 1223 3101 1287 lac

585 1331 843 1416 Nyuier,
889 1329 992 1394 cui
1028 1329 1300 1395 Entzius
1348 1329 1439 1417 (p.
1469 1327 1586 1416 36)
1626 1330 1720 1394 ita
1757 1328 2208 1413 adstipulatur,
2253 1327 2334 1393 ut'
2364 1330 2639 1393 alterum
2675 1330 2915 1393 fiumen
2954 1351 3099 1393 cum

591 1436 867 1503 Gambia
913 1437 1213 1521 componi
1260 1437 1461 1521 malit,
1508 1459 1654 1502 cum
1702 1436 1812 1502 alii
1859 1436 2050 1500 aliter
2097 1436 2395 1501 sentiant.
2483 1435 2619 1500 Iam
2667 1439 2891 1500 contra
2934 1437 3100 1500 hanc

590 1544 977 1609 sententiam
1041 1545 1265 1629 paucis
1330 1545 1669 1630 pugnab0‚
1731 1566 1866 1608 non
1931 1542 2226 1628 ancipiti,
2291 1565 2508 1627 spei-0,
2571 1542 2798 1607 Marte.
2879 1541 3101 1627 Atque

588 1651 871 1734 primum
919 1651 1196 1737 quidem,
1240 1674 1323 1716 ne
1372 1651 1517 1736 quis
1554 1650 1842 1715 animum
1887 1650 2168 1736 inducat,
2215 1649 2292 1713 de
2331 1672 2579 1715 conexu
2618 1650 2896 1734 quodam
2931 1651 3102 1716 inter

587 1762 878 1823 veterum
916 1757 1168 1823 Cernen
1211 1761 1630 1843 nostramque
1666 1759 1926 1824 Hermen
1963 1757 2129 1821 serio
2173 1756 2478 1843 cogitare,
2525 1757 2650 1821 duo
2688 1757 3101 1841 potissimum

588 1864 657 1927 in
703 1888 1009 1948 praesens
1054 1866 1264 1929 habeo
1275 1915 1292 1949 ‚
1349 1888 1512 1949 quae
1559 1886 1911 1949 opponam:
1965 1865 2224 1929 Hermen
2270 1863 2547 1928 insulam
2602 1863 2877 1949 triginta
2922 1865 3102 1949 quin-

590 1993 714 2055 que
762 1971 1116 2036 stadiorum
1163 1971 1437 2036 circuitu
1485 1994 1624 2036 esse
1673 1971 1885 2055 docet,
1942 1970 2052 2055 qui
2101 1970 2419 2057 singulari
2466 1971 2544 2034 de
2592 1993 2667 2035 ea
2710 1994 2920 2054 nuper
2966 1970 3102 2056 egit

590 2078 1129 2143 commentatione
1195 2079 1480 2165 Quiroga
1492 2077 1573 2166 3):
1644 2102 1777 2144 non
1842 2078 2061 2163 potuit
2126 2082 2343 2143 autem
2407 2078 2554 2143 inde
2619 2101 2699 2142 ex
2763 2077 3103 2142 Hannonis

588 2188 798 2250 aetate
845 2185 1041 2250 maris
1088 2185 1322 2250 alluvie
1368 2186 1839 2270 pedetemptim
1885 2190 2072 2250 aucta
2129 2186 2507 2251 hodiernam
2554 2186 2812 2271 assequi
2858 2185 3104 2272 magni-

586 2293 904 2359 tudinem:
961 2293 1200 2358 etenim
1253 2293 1407 2358 huic
1453 2293 1747 2377 opinioni
1802 2298 2126 2378 repugnat
2172 2293 2317 2377 ipsa
2371 2293 2634 2378 lapidis,
2689 2316 2769 2357 ex
2826 2315 2952 2378 quo
3001 2315 3103 2357 ex-

588 2404 803 2464 tructa
856 2403 981 2485 est,
1039 2397 1354 2486 natura4).
1445 2400 1616 2464 Dein
1671 2405 1888 2464 autem
1935 2399 2404 2485 antiquissimis
2459 2400 2869 2485 temporibus
2926 2400 3105 2464 sinus

589 2529 664 2571 eo
702 2506 845 2571 loco
882 2506 1101 2571 nullus
1138 2512 1300 2572 erat:
1345 2530 1497 2599 nam
1534 2507 1983 2592 paeninsulam
2020 2509 2396 2573 recentioris
2435 2508 2705 2595 originis
2743 2531 2898 2594 esse,
2935 2507 3107 2571 idem

589 2614 700 2678 ille
738 2614 1071 2700 geologus‚
1119 2636 1311 2698 quem
1348 2614 1537 2679 modo
1584 2613 1859 2699 laudavi,
1906 2615 2279 2680 enucleavit.
2362 2615 2657 2699 Denique
2695 2614 2789 2680 rei
2825 2637 3105 2678 momen-

590 2726 731 2787 tum
776 2721 1023 2786 faciunt
1069 2721 1407 2786 Hannonis
1451 2743 1815 2786 mensurae:
1869 2744 2023 2787 nam
2070 2744 2231 2806 quae
2276 2722 2448 2787 inter
2493 2722 2682 2788 Draa
2726 2721 2994 2787 fluvium
3041 2726 3107 2786 et

588 2830 713 2894 Rio
769 2830 842 2894 de
889 2828 1014 2896 Oro
1071 2828 1284 2893 sinum
1340 2828 1680 2894 intercedit
1736 2829 2045 2893 distantia
2098 2829 2303 2894 multo
2362 2833 2461 2895 est
2506 2829 2737 2916 maior,
2795 2851 2987 2914 quam
3032 2831 3107 2893 ut

473 2977 476 2980 -
595 2934 778 2999 bidui
814 2935 917 3000 vel
953 2935 1153 3001 tridui
1192 2957 1382 3002 cursu
1420 2958 1500 2999 ex
1536 2935 1790 3022 vulgari
1831 2935 2268 3021 navigationis
2304 2937 2495 3001 modo
2536 2937 2763 3002 confici
2801 2935 3108 3021 potuerit,

594 3046 791 3126 atque
836 3043 1034 3107 simili
1088 3044 1280 3108 modo
1329 3043 1525 3109 etiam
1573 3041 1857 3127 Scylacis
1911 3046 2104 3107 notae
2150 3041 2221 3131 (ξ
2261 3041 2419 3131 112)
2474 3043 2668 3128 plane
2724 3043 2805 3108 ad
2849 3042 3108 3108 irritum

592 3148 909 3214 caderent.
1000 3148 1143 3214 Hoc
1200 3150 1459 3215 omnino
1516 3150 1946 3237 neglexerunt
1999 3149 2123 3215 viri
2180 3149 2380 3236 docti3
2439 3149 2537 3215 illi
2593 3150 2960 3216 difficultati
3015 3151 3109 3215 ita

593 3278 925 3322 occurrere
972 3257 1339 3340 studebant,
1384 3262 1458 3322 ut
1502 3257 1747 3322 inserta
1791 3257 2013 3322 littera
2059 3283 2083 3322 ι
2128 3280 2249 3341 pro
2297 3259 2422 3323 δύο
2458 3256 2707 3342 ἡμέρας
2750 3257 3108 3322 scriberent

594 3366 854 3429 δώδεκα
897 3362 1158 3449 ἡμέρας.
1236 3364 1471 3430 Μ113111
1510 3365 1771 3449 quidem
1817 3367 2042 3449 artem,
2090 3387 2253 3449 quae
2301 3368 2375 3429 ut
2421 3387 2687 3448 pravam
2734 3365 3107 3449 opinionem

594 3470 905 3555 expellat,
947 3493 1081 3535 non
1125 3471 1318 3535 modo
1363 3476 1573 3536 mutet
1627 3472 2017 3556 scripturam
2063 3471 2300 3537 codicis
2309 3523 2327 3558 ‚
2389 3472 2500 3538 sed
2545 3472 2752 3537 multo
2799 3472 3108 3538 maiorem

594 3577 789 3642 etiam
837 3599 1116 3643 errorem
1161 3577 1467 3644 Hannoni
1513 3579 1809 3665 affingat!
1874 3578 2138 3644 Etenim
2187 3601 2313 3664 quo
2361 3579 2551 3644 modo
2601 3579 2935 3645 duodecim
2973 3580 3108 3645 dies

597 3685 679 3749 ab
749 3685 877 3751 Ued
917 3685 1108 3750 Draa
1163 3684 1244 3748 ad
1288 3685 1412 3751 Rio
1465 3688 1537 3751 de
1586 3686 1708 3752 Oro
1768 3685 1981 3751 sinum
2029 3686 2591 3774 Carthaginienses
2644 3687 3108 3774 navigaverint,

777 3861 830 3929 1)
867 3859 974 3914 Hie
1022 3861 1173 3915 sinus
1222 3860 1541 3917 delineatur
1577 3879 1612 3916 a
1646 3861 1897 3919 Fitzavio
1938 3865 1996 3934 (l.
2033 3864 2069 3918 1.
2109 3882 2163 3934 p.
2194 3867 2346 3932 237),
2396 3861 2693 3917 Knoetelio
2731 3863 2789 3933 (l.
2828 3863 2865 3918 1.
2904 3881 2958 3932 p.
2990 3866 3103 3934 25),

596 3947 853 4003 Bonellio
901 3950 1002 4005 bol.
1041 3951 1092 4005 d.
1134 3952 1168 4005 l.
1203 3965 1312 4006 soc.
1350 3967 1527 4022 yeoyr.
1576 3954 1641 4008 de
1678 3953 1916 4009 Madrid
1961 3953 2145 4008 XVIH
2192 3958 2345 4007 1885.
2385 3952 2427 4008 Ι.
2499 3950 2938 4006 Accuratissima
2986 3950 3106 4005 eius

596 4040 795 4093 tabula
839 4038 1098 4093 confecta
1134 4042 1222 4094 est
1256 4039 1332 4094 ab
1368 4041 1625 4110 Anglicis
1663 4041 1877 4098 nautise
1930 4044 2084 4097 ‘The
2120 4042 2267 4097 river
2305 4041 2452 4097 Ouro
2491 4058 2566 4097 011
2600 4039 2699 4095 the
2736 4041 2901 4095 West
2936 4039 3107 4096 Coast

598 4128 661 4182 of
692 4126 884 4182 Africa
917 4127 995 4197 by
1031 4127 1220 4183 Lient⁸
1254 4128 1423 4184 Vidal
1459 4130 1571 4185 and
1606 4130 1862 4200 Mudge'.

778 4218 834 4287 2)
872 4216 941 4272 cf.
970 4217 1175 4272 Vivien
1214 4219 1283 4273 de
1322 4219 1402 4275 St.
1432 4219 1644 4274 Martin
1682 4239 1738 4290 p.
1766 4227 1888 4275 382.
1955 4219 2096 4274 Entz
2135 4238 2187 4289 p.
2219 4226 2302 4273 33.
2362 4217 2574 4273 Goebel
2613 4238 2665 4288 p.
2698 4224 2782 4275 53.
2839 4219 3107 4290 Bunbury

600 4325 653 4376 p.
684 4311 805 4360 323.
861 4305 1095 4360 PescheI
1129 4323 1186 4376 p.
1216 4312 1301 4361 21.
1358 4306 1600 4362 Knoetel
1636 4325 1690 4376 p.
1725 4312 1809 4363 15.
1864 4305 2108 4375 Joaquin
2139 4305 2320 4376 Costa,
2360 4308 2472 4363 Rio
2508 4309 2574 4364 de
2615 4308 2723 4363 Oro
2760 4326 2828 4364 en
2864 4310 2921 4364 la
2956 4310 3106 4364 anti·

598 4395 842 4465 quedad:
877 4412 985 4450 rev.
1023 4395 1088 4450 de
1123 4412 1300 4465 yeoyr.
1339 4412 1469 4453 com.
1508 4395 1561 4448 II
1603 4400 1741 4451 1886
1778 4414 1832 4464 p.
1865 4399 2091 4449 10-36,

781 4487 834 4553 3)
872 4489 1178 4542 estractura
1213 4489 1264 4539 et
1299 4484 1484 4554 oriyin
1519 4485 1586 4539 de
1622 4485 1678 4540 la
1706 4484 2012 4553 peninsula
2038 4485 2105 4541 de
2130 4483 2242 4541 Rio
2269 4484 2334 4540 de
2368 4485 2501 4542 Oro:
2538 4504 2646 4542 rev.
2675 4488 2742 4543 de
2767 4503 2943 4558 yeoyr.
2973 4504 3104 4543 com„

603 4576 741 4627 1886
779 4590 833 4640 p.
862 4579 895 4627 8
916 4590 1036 4642 sqq.

780 4663 838 4730 4)
875 4662 946 4715 cf.
983 4660 1180 4716 Fitzau
1216 4661 1252 4718 l.
1291 4662 1329 4719 Ι.
1369 4680 1422 4732 p.
1453 4668 1573 4718 237.
