3467 5334
1330 385 1419 440 De
1455 384 1748 440 Hannonis
1785 383 2005 440 itinere.
2847 385 2932 450 37

425 550 755 639 Oranyffl).
867 551 1032 617 Sunt
1095 553 1312 614 tamen
1375 549 1608 635 multa,
1674 571 1837 634 quae
1905 549 2062 614 haec
2127 549 2344 614 omnia
2405 572 2537 615 non
2600 549 2933 635 patiantur

420 683 539 743 pro
594 659 764 725 veris
819 657 1063 723 haberi.
1162 655 1455 721 Primum
1507 678 1716 741 neque
1774 657 1856 720 ab
1913 658 2166 740 Arquin
2230 656 2441 722 insula
2495 657 2575 720 ad
2628 680 2930 742 promun-

420 767 664 831 turium
714 768 902 832 Verde
948 762 1254 829 distantia
1300 766 1397 826 est
1445 762 1781 827 duodecim
1817 763 2066 827 dierum
2100 786 2308 848 neque
2348 789 2386 828 a
2425 765 2725 831 Gambiae
2762 766 2928 831 ostio

422 873 705 958 quinque
771 894 974 957 usque
1037 871 1118 936 ad
1171 872 1475 954 Bissayos
1527 870 2038 956 archipelagum:
2103 874 2448 956 utrumque
2512 871 2929 938 falsissimum

422 980 764 1045 manifesto
829 978 1011 1066 est2).
1112 976 1282 1042 Dein
1344 976 1563 1061 potuit
1626 1000 1778 1042 sane
1845 979 2313 1063 quodammodo
2371 980 2672 1045 Gambiae
2734 985 2931 1064 caput

419 1086 786 1173 ἀμέτρητον
840 1087 1056 1171 χάσμα
1110 1084 1443 1169 θαλάττης
1498 1084 1650 1149 dici:
1717 1084 2122 1150 ‘l'ouverture
2183 1086 2259 1150 de
2315 1108 2435 1151 son
2498 1086 2774 1151 estuaire
2831 1091 2928 1151 est

419 1195 496 1258 de
546 1197 628 1260 27
679 1194 888 1259 milles
941 1192 1182 1257 marins
1240 1214 1325 1257 ou
1380 1193 1511 1257 270
1558 1190 1889 1280 stades'3):
1955 1196 2240 1257 attamen
2301 1192 2412 1278 qui
2466 1194 2725 1258 tandem
2782 1217 2925 1259 con-

422 1302 704 1367 tenderit
751 1300 1091 1386 quispiam,
1137 1297 1244 1365 ἐπὶ
1289 1300 1543 1385 θάτερα
1588 1302 1756 1387 πρὸς
1799 1310 1879 1386 τῇ
1908 1310 2008 1387 ’γῇ
2056 1302 2291 1366 πεδίον
2326 1296 2522 1385 εἶναι,
2567 1301 2776 1366 fateor
2820 1323 2923 1365 me

418 1431 550 1473 non
595 1408 876 1493 assequi:
929 1430 1078 1472 nam
1134 1409 1447 1490 quantum
1504 1405 1802 1490 equidem
1859 1408 2017 1493 scio,
2077 1408 2159 1471 ab
2208 1411 2480 1492 utraque
2526 1407 2924 1473 uniuscuius-

421 1538 543 1601 que
603 1515 780 1581 fluvii
835 1515 978 1597 ripa
1040 1517 1212 1578 terra
1272 1511 1608 1577 continens
1663 1517 1778 1578 est.
1868 1511 2161 1601 Accedit,
2228 1515 2402 1600 quod
2463 1514 2671 1601 magis
2728 1514 2923 1579 etiam

415 1623 651 1686 mirum
686 1621 956 1706 videtur,
1005 1621 1178 1704 quod
1214 1621 1447 1685 Hanno
1496 1621 1744 1703 Oranyo
1788 1619 2067 1684 insulam
2101 1619 2429 1707 Ἑσπέρου
2472 1619 2667 1705 κέρας
2702 1621 2922 1704 appel-

410 1728 642 1793 lavisse
691 1727 950 1792 dicitur!
1014 1708 1197 1805 Quae
1234 1727 1341 1792 hic
1395 1727 1529 1792 illic
1584 1727 1973 1811 interpretes
1981 1778 1999 1811 7
2055 1731 2128 1791 ut
2181 1728 2347 1792 hanc
2401 1726 2703 1792 tollerent
2759 1727 2920 1791 diffi-

411 1836 735 1920 cultatem,
782 1833 1132 1919 periclitati
1181 1832 1417 1921 sunt4)‚
1463 1857 1676 1900 merae
1732 1839 1885 1901 sunt
1928 1857 2157 1922 nugae.
2243 1834 2453 1912 Quid?
2517 1834 2702 1912 Quod
2746 1834 2918 1899 Han-

408 1942 597 2008 nonis
651 1941 861 2007 insula
912 1941 981 2006 in
1025 1940 1170 2026 ipso
1217 1941 1495 2026 Hesperi
1543 1942 1688 2007 sinu
1736 1943 1861 2008 sita
1908 1948 2071 2029 erat,
2127 1966 2272 2008 cum
2327 1943 2498 2007 inter
2543 1943 2667 2007 Rio
2718 1942 2920 2009 Gebae

411 2072 484 2115 os
558 2054 623 2113 et
694 2049 942 2132 Oranyo
1015 2048 1293 2113 insulam
1367 2054 1579 2114 essent
1652 2050 1932 2135 amplius
2003 2052 2133 2116 600
2199 2049 2451 2115 stadia?
2531 2048 2704 2116 Nolo
2771 2050 2918 2114 dein

409 2160 646 2241 tacere,
723 2156 895 2240 quod
940 2154 1106 2219 -Mer
1178 2154 1279 2243 (p.
1332 2153 1499 2244 149)
1573 2156 1821 2242 Oranyo
1893 2157 2170 2222 insulam
2241 2157 2522 2221 navibus
2591 2179 2916 2222 accessum

408 2263 716 2346 praebere
764 2266 1105 2348 pernegat:
1171 2261 1279 2326 ‘ou
1335 2263 1610 2346 prendre
1665 2262 1749 2327 ici
1805 2263 1869 2327 la
1924 2263 2070 2328 baie
2132 2269 2216 2327 ou
2272 2264 2321 2328 il
2366 2287 2404 2328 a
2449 2266 2716 2349 penetre
2762 2287 2914 2330 avec

405 2373 586 2434 toute
634 2392 751 2434 son
797 2369 1095 2434 escadre‘?
1161 2374 1245 2433 ou
1300 2369 1349 2432 il
1395 2369 1555 2434 etait
1610 2372 1780 2434 reste
1835 2392 1917 2433 au
1971 2370 2320 2457 mouillage
2375 2393 2458 2435 au
2504 2369 2716 2455 moins
2760 2394 2912 2456 pen-

404 2477 560 2541 dant
615 2500 739 2542 une
794 2477 1004 2542 nuit‘P'
1069 2476 1319 2542 Ultimo
1365 2476 1506 2541 loco
1555 2476 2018 2564 philologicam
2073 2477 2426 2543 addiderim
2482 2501 2737 2543 causam
2781 2501 2915 2543 non

408 2584 628 2669 exigui
674 2584 1002 2668 ponderis:
1058 2583 1302 2649 scilicet
1349 2606 1571 2648 omnes
1626 2583 1906 2647 editores
1959 2583 2473 2670 interpretesque
2488 2584 2541 2671 5)
2584 2585 2761 2649 nube
2810 2608 2912 2650 ex-

409 2691 768 2774 emplorum
834 2689 1214 2755 studuerunt
1287 2691 1553 2774 planum
1624 2690 1835 2753 facere
1843 2739 1861 2772 ‚
1933 2690 2276 2755 fluviorum
2350 2693 2517 2757 ostia
2579 2696 2911 2777 tamquam

405 2796 642 2862 Oceani
689 2819 926 2861 cornua
969 2819 1087 2860 nec
1130 2819 1262 2862 non
1298 2796 1494 2860 maris
1541 2795 1717 2860 sinus
1765 2799 2054 2860 tortuose
2099 2796 2169 2860 in
2214 2801 2453 2862 terram
2498 2802 2911 2883 penetrantes

400 2904 674 2989 κέρατος
726 2904 986 2970 1101111110
1044 2903 1421 2991 significari:
1487 2907 1774 2967 attamen
1833 2904 2100 2991 frustra,
2163 2909 2326 2989 puto
2335 2956 2353 2990 ‚
2414 2905 2483 2969 in
2535 2907 2657 2971 hac
2713 2930 2910 2991 opera

405 3012 869 3076 desudaverunt
943 3034 1016 3076 ac
1079 3011 1212 3076 vim
1285 3011 1643 3076 attulerunt
1718 3016 2052 3077 auctorum
2115 3016 2406 3078 veterum
2473 3012 2648 3078 lociS.
2742 3013 2909 3091 Quid

404 3120 616 3184 enim?
661 3119 846 3185 Unus
883 3118 1270 3183 Eustathius
1309 3141 1590 3183 errorem
1629 3141 1852 3183 eorum
1899 3120 2114 3207 arguit
2154 3124 2219 3186 et
2258 3120 2413 3205 quid
2451 3120 2635 3185 unice
2682 3144 2906 3186 verum

402 3227 485 3291 sit
533 3227 839 3291 ostendit:
897 3226 1052 3290 dicit
1100 3226 1327 3290 doctus
1384 3224 1493 3288 ille
1541 3226 2066 3313 archiepiscopus
2113 3225 2206 3314 (p.
2247 3229 2396 3311 309,
2443 3224 2586 3312 29);
2641 3227 2905 3313 Κέρατα

400 3332 508 3400 καὶ
572 3336 829 3419 καμπὰς
891 3332 1001 3399 καὶ
1067 3337 1327 3410 κλῶνας
1391 3335 1591 3418 δηλοῖ
1648 3344 1782 3398 τῶν
1836 3345 2168 3416 ποταμῶν.
2259 3333 2549 3412 Quocum
2613 3336 2905 3401 conferas

401 3463 562 3525 quae
617 3463 656 3505 a
709 3439 1178 3515 recentioribus
1238 3440 1594 3505 afferuntur
1659 3440 1979 3525 exempla:
2043 3440 2443 3526 nuncupavit
2499 3441 2904 3527 Thucydides

398 3548 458 3636 (I
507 3547 666 3636 110)
720 3549 1120 3614 Mendesium
1172 3547 1312 3615 Nili
1377 3552 1572 3634 caput
1635 3551 1710 3613 τὸ
1769 3545 2164 3633 Μενδήσιον
2221 3547 2447 3633 κέρας,
2511 3548 2903 3633 Apollonius

396 3655 691 3720 Rhodius
719 3654 845 3743 (IV
871 3653 1033 3742 282)
1059 3654 1209 3720 Istri
1248 3660 1498 3741 septem
1536 3678 1648 3720 ora
1674 3653 1916 3742 κέρατα
1953 3654 2261 3741 appellat,
2292 3654 2564 3720 Acheloi
2601 3655 2902 3720 bracchia

580 3942 631 4008 1)
670 3938 739 3996 cf.
770 3941 948 3996 Ukert
976 3942 1001 3995 Ι
1034 3950 1059 3996 1
1091 3959 1146 4011 p.
1176 3946 1260 3996 65.
1292 3945 1341 3996 6.
1397 3939 1634 3995 Mueller
1659 3957 1716 4008 p.
1738 3947 1787 3994 9.
1812 3946 1894 3997 10.
1954 3935 2179 3994 Robiou
2206 3957 2259 4008 p.
2281 3943 2402 4008 206,
2442 3939 2516 3997 id.
2546 3957 2637 4011 ap.
2658 3940 2899 3995 Merium

396 4046 450 4096 p.
486 4033 586 4083 146
608 4046 726 4099 sqq.
783 4028 988 4084 Vivien
1018 4029 1088 4085 de
1118 4031 1196 4086 St.
1218 4029 1429 4085 Martin
1456 4050 1510 4101 p.
1533 4036 1636 4085 386
1658 4045 1778 4099 sqq.
1835 4027 2073 4085 Knoetel
2101 4047 2154 4099 p.
2180 4033 2264 4085 28.
2320 4028 2590 4101 Bunbury
2618 4049 2673 4100 p.
2697 4036 2800 4085 325
2815 4048 2897 4099 sq.

398 4116 610 4172 Goebel
645 4137 698 4188 p.
731 4123 815 4175 54.
874 4119 1049 4175 Treve
1085 4139 1140 4191 p.
1171 4126 1238 4175 43
1261 4138 1341 4189 sq.

575 4226 632 4295 2)
668 4225 737 4281 cf.
774 4226 896 4281 Mer
929 4245 985 4298 p.
1019 4231 1137 4283 148.

576 4334 632 4400 3)
672 4331 742 4387 cf.
777 4331 983 4387 Vivien
1020 4333 1091 4389 de
1130 4333 1207 4389 St.
1236 4335 1448 4390 Martin
1486 4355 1541 4406 p.
1573 4341 1693 4391 388.

574 4441 631 4509 4)
670 4437 740 4493 cf.
777 4437 986 4495 Vivien
1022 4440 1092 4498 de
1130 4441 1208 4497 St.
1237 4441 1449 4496 Martin
1484 4461 1538 4513 p.
1571 4448 1692 4498 392.

573 4549 628 4619 5)
666 4547 737 4603 cf.
757 4545 1090 4617 Humboldt,
1115 4549 1242 4605 krit.
1272 4547 1479 4604 Umers.
1500 4549 1666 4604 1308.
1711 4547 1952 4603 Mueller
1979 4567 2033 4619 p.
2056 4554 2142 4604 10.
2191 4549 2332 4604 Entz
2359 4568 2413 4621 p.
2434 4554 2521 4604 43.
2564 4549 2700 4606 Mer.
2729 4569 2785 4622 p.
2807 4558 2893 4608 46.

395 4635 573 4693 Treve
610 4655 664 4706 p.
695 4641 780 4696 38.
