3467 5334
579 395 662 460 76
1698 398 1883 466 Caput
1918 397 1959 451 I.

570 559 940 626 Ptolemaeo
1004 560 1178 625 nasci
1244 560 1595 646 dubitatiO,
1662 560 1837 646 quod
1899 560 2245 625 admodum
2284 559 2512 626 -exiles
2572 561 2649 627 de
2706 560 3089 626 occidentali

569 665 816 750 Libyae
879 666 1071 732 litore
1136 672 1396 751 praesto
1463 670 1645 732 erant
1708 671 1902 732 notae
1968 690 2086 733 nec
2140 690 2259 753 per
2313 669 2584 756 longum
2641 668 2922 754 spatium
2976 690 3088 732 eae

570 773 1103 860 porrigebantur3
1168 775 1408 840 etenim
1472 797 1510 838 a
1563 775 1805 841 Darate
1869 798 1987 860 per
2056 778 2090 840 7
2148 779 2403 841 tantum
2458 776 2698 863 gradus
2752 775 3085 841 meridiem

568 903 791 947 versus
863 882 1294 966 pertinebant.
1402 882 1540 947 Iam
1614 887 1687 947 ut
1759 883 2054 948 lacunam
2126 882 2415 948 hiantem
2481 884 2817 968 suppleret
2881 886 2946 947 et
3011 905 3086 947 eo

570 1010 773 1073 usque
828 989 1158 1056 occiduam
1214 1012 1395 1055 oram
1444 972 1810 1055 habitatam
1854 991 2120 1077 faceret,
2180 1013 2306 1076 quo
2355 984 2703 1058 orientalis*
2730 993 2887 1056 nota
2932 994 3088 1076 erat,

572 1119 699 1181 qua
755 1099 891 1162 erat
945 1096 1361 1183 neglegentia
1406 1097 1531 1163 duo
1588 1097 1944 1183 itineraria,
2010 1119 2172 1182 quae
2229 1120 2429 1164 unum
2484 1099 2884 1183 eundemque
2939 1120 3087 1162 orae

569 1207 849 1269 tractum
906 1204 1374 1291 depingebant,
1434 1205 1713 1289 pessime
1771 1204 2090 1271 conflavit.
2189 1204 2292 1271 Ita
2345 1206 2614 1292 factum,
2669 1210 2744 1271 ut
2797 1205 3084 1271 locorum

568 1311 724 1376 ordo
763 1311 832 1376 in
867 1312 989 1377 hoc
1030 1311 1289 1396 quidem
1336 1312 1624 1398 segmine
1663 1336 1899 1398 susque
1938 1314 2142 1398 deque
2178 1313 2476 1399 haberet3
2521 1328 2687 1379 nam'
2707 1336 2840 1379 non
2877 1313 3087 1378 solum

568 1440 790 1483 eorum
854 1420 1198 1485 fluviorum
1257 1420 2014 1507 promunturiorumque,
2079 1443 2241 1506 quae
2307 1421 2469 1487 falso
2525 1422 2654 1486 huc
2709 1421 3087 1503 deiciuntur,

568 1526 856 1612 nomina,
904 1550 1049 1594 cum
1095 1527 1285 1592 modo
1331 1528 1530 1614 hunc,
1578 1530 1771 1594 modo
1816 1529 2005 1593 illum
2049 1527 2396 1612 inspiceret
2441 1532 2798 1614 auctorem,
2844 1531 3086 1592 temere

563 1634 975 1717 perturbavit
1038 1634 1473 1720 Ptolemaeus,
1540 1635 1653 1700 sed
1717 1635 1914 1700 etiam
1979 1657 2203 1700 eorum
2265 1634 2531 1700 invertit
2597 1634 2855 1720 seriem,
2922 1656 3086 1719 quae

562 1744 744 1821 recte*
791 1742 857 1807 in
912 1742 1034 1807 hac
1088 1764 1236 1807 orae
1293 1745 1478 1826 parte
1534 1747 1965 1808 recensentur.
2058 1741 2373 1808 Collocari
2431 1742 2605 1807 enim
2661 1741 2888 1807 debuit
2934 1746 3087 1826 post

564 1847 764 1912 Subu'
791 1850 893 1914 vel
933 1849 1100 1914 Susu
1146 1849 1433 1934 fluvium,
1481 1850 1592 1933 qui
1640 1850 1991 1935 respondet
2035 1848 2348 1915 hodierno
2387 1849 2530 1934 Sus,
2574 1848 2792 1915 Massa
2826 1849 3088 1934 flumen,

562 1955 737 2040 quod
802 1955 1077 2021 dilucide
1143 1955 1312 2020 idem
1378 1959 1475 2020 est
1530 1960 1725 2040 atque
1781 1956 1977 2025 Plinii
2038 1957 2366 2022 Masathat
2422 1962 2489 2022 et
2542 1956 2893 2022 hodiernus
2961 1956 3093 2023 Ued

562 2063 762 2128 Mesa.
872 2062 1046 2140 Quae
1121 2063 1418 2148 deinceps
1494 2068 1907 2131 enumeratur
1978 2063 2304 2131 Galinaria
2388 2065 2557 2149 ἄκρα
2643 2063 3086 2129 verisimiliter

563 2171 1010 2254 componenda
1064 2174 1163 2236 est
1214 2192 1361 2236 cum
1407 2171 1860 2255 promunturio
1910 2172 2080 2256 Aylu
2124 2171 2228 2236 vel
2284 2194 2433 2237 cum
2487 2194 2563 2236 eo
2621 2172 2794 2257 quod
2846 2192 3086 2236 nuncu-

569 2280 767 2361 patur
803 2278 939 2345 Ras
976 2278 1289 2364 Garisim3
1336 2278 1446 2363 qui
1495 2300 1638 2342 eam
1685 2279 1932 2364 excipit
1970 2279 2228 2357 ΝούιὉς
2270 2280 2524 2364 fluvius,
2570 2283 2743 2345 certe
2782 2302 3085 2364 quaeren-

564 2384 685 2448 dus
731 2383 800 2448 in
839 2386 995 2451 Nun
1032 2385 1298 2450 flumine
1313 2382 1382 2471 1).
1464 2384 1564 2450 De
1604 2386 1900 2471 urbibus,
1947 2407 2092 2449 cum
2130 2388 2349 2451 tantae
2385 2387 2745 2468 Ptolemaei
2782 2409 3088 2453 numeros

564 2492 915 2557 obscurent
962 2493 1299 2577 tenebrae,
1357 2492 1655 2576 equidem
1702 2494 1861 2557 certi
1908 2493 2002 2558 nil
2048 2493 2450 2580 affirmarim,
2506 2495 2894 2580 praesertim
2940 2517 3087 2559 cum

563 2622 691 2664 una
747 2623 826 2665 ex
888 2622 1109 2665 eorum
1163 2621 1460 2686 numer0,
1518 2600 1562 2665 J
1565 2600 1811 2665 arzitha
1819 2653 1836 2686 ,
1892 2605 2178 2666 recurrat
2234 2601 2431 2668 etiam
2488 2601 2556 2667 in
2601 2601 3089 2669 mediterraneis

561 2706 686 2794 (IV
728 2711 784 2793 1,
826 2704 977 2794 7)2).

738 2814 1126 2899 Priusquam
1162 2837 1314 2880 vero
1363 2837 1711 2902 pergamus
1759 2814 2332 2900 septentrionalem
2381 2839 2528 2881 orae
2566 2821 2821 2901 partem
2858 2816 3083 2901 paucis

561 2921 911 2987 absolvam.
1002 2921 1133 2988 Vix
1188 2927 1405 2987 autem
1460 2924 1679 2988 credas
1748 2923 1875 2988 huc
1925 2945 2182 3008 quoque
2240 2922 2630 2989 emblemata
2685 2923 3000 3009 quaedam
3046 2946 3084 2987 a

560 3028 935 3093 Ptolemaeo
992 3014 1234 3094 inserta
1290 3052 1445 3094 esse.
1537 3028 1629 3094 At
1674 3030 2160 3114 primumpost
2209 3029 2483 3095 Suburis
2530 3030 2769 3097 ostium
2816 3031 3087 3116 ponitur

560 3135 749 3201 Atlas
804 3137 1018 3202 minor
1072 3134 1182 3225 (6⁰
1228 3133 1351 3202 33⁰
1382 3134 1543 3223 lO'),
1601 3159 1993 3223 quamquam
2048 3141 2303 3202 montes
2359 3138 2481 3204 hac
2536 3139 2606 3203 in
2669 3138 2936 3226 regione
2992 3139 3084 3203 in-

558 3243 910 3311 veniuntur
953 3244 1119 3310 nulli
1133 3240 1203 3330 3).
1286 3244 1579 3309 Perbene
1626 3267 1778 3311 vero
1826 3245 2132 3332 cognovit
2173 3244 2465 3332 Mueller,
2513 3245 2624 3331 qui
2660 3244 2849 3312 Atlas
2895 3269 3084 3312 mons

559 3351 687 3417 huc
731 3351 1313 3439 transmigraverit:
1358 3356 1580 3417 narrat
1627 3352 1801 3417 enim
1836 3353 2089 3418 Plinius
2125 3353 2189 3418 V
2232 3356 2285 3438 1,
2324 3354 2367 3419 5
2406 3353 2554 3419 Sala
2598 3354 2912 3439 oppidum
2948 3354 3080 3419 iam

561 3457 1025 3523 solitudinibus
1097 3458 1539 3543 propinquum
1614 3483 1752 3526 esse
1827 3465 1893 3525 et
1956 3459 2244 3527 Atlantis
2316 3460 2698 3547 verticibus,
2767 3484 2887 3527 nec
2948 3484 3082 3527 non

558 3565 994 3631 Philostratus
1066 3564 1208 3653 (vit.
1279 3564 1402 3651 Ap.
1476 3566 1538 3632 V
1603 3565 1671 3654 1)
1745 3591 1784 3632 a
1856 3567 2070 3633 Salate
2145 3571 2440 3634 austrum
2510 3590 2734 3635 versus
2800 3569 3081 3653 Libyam

562 3673 881 3739 desertam
919 3676 984 3738 et
1021 3674 1215 3756 ἄβιον
1254 3694 1392 3738 esse
1429 3674 1645 3739 tradit.
1721 3674 1889 3753 Quid
1926 3673 2131 3761 igitur
2166 3674 2420 3761 mirum,
2460 3676 2634 3761 quod
2669 3676 3082 3742 Ptolemaeus

562 3803 819 3866 quoque
865 3778 1202 3847 Atlantem
1255 3779 1383 3845 sibi
1438 3780 1631 3845 finxit
1639 3832 1658 3866 ,
1714 3782 1831 3846 ubi
1886 3805 2106 3848 revera
2150 3783 2370 3848 nullus
2417 3782 2560 3849 est?
2651 3782 2880 3868 Neque
2925 3805 3078 3848 vero

560 3888 772 3954 solum
823 3886 1159 3955 Atlantem
1221 3889 1349 3957 huc
1404 3889 1766 3975 transtulit,
1829 3891 1942 3955 sed
1997 3890 2221 3976 etiam,
2284 3890 2352 3955 ni
2408 3889 2626 3975 fallor,
2691 3890 2803 3975 qui
2858 3890 2943 3955 ab
3001 3912 3077 3955 eo

560 3995 1071 4082 septentrionem
1151 4017 1374 4062 versus
1455 4001 1705 4061 eructat
1781 4000 1973 4063 Δύον
2056 3997 2320 4086 (Δοῦον
2392 3996 2534 4062 ΒΕ.
2616 4000 2848 4062 Δόνον
2918 3994 3078 4083 BV)

559 4102 844 4170 fluvium.
926 4103 1112 4181 Quod
1173 4103 1294 4169 hac
1356 4103 1605 4169 ratione
1668 4105 1906 4189 probo:
1973 4104 2325 4175 collocatur
2387 4127 2426 4168 a
2486 4103 2860 4170 Ptolemaeo
2925 4108 3077 4170 ante

560 4210 931 4276 Soloentem
986 4210 1511 4307 promunturium
1565 4213 1786 4296 Διούρ
1832 4210 2042 4298 (Δίου
2086 4211 2227 4277 FB..
2292 4213 2598 4296 Διούρου
2643 4207 2735 4296 Α)
2790 4210 3079 4276 fluminis

744 4479 795 4547 1)
834 4475 904 4533 cf.
942 4475 1179 4531 Mueller
1216 4475 1289 4530 ad
1328 4475 1475 4530 Ptol.
1514 4494 1569 4546 p.
1601 4481 1722 4532 731.

738 4568 796 4637 2)
834 4564 903 4622 cf.
945 4562 1148 4619 Vivien
1184 4583 1238 4635 p.
1269 4569 1373 4619 372
1412 4579 1464 4619 a.
1495 4569 1545 4621 ὅ.

739 4658 793 4725 8)
832 4655 904 4709 cf.
940 4652 1142 4710 Vivien
1178 4672 1233 4724 p.
1264 4658 1386 4709 360.
