3467 5334
570 385 700 450 114
1628 388 1634 392 ’
1667 385 1851 456 Caput
1885 382 1980 441 ΠΙ.
2062 406 2067 410 ·
2144 326 2155 331 ⁵

564 551 897 617 enuntiato
935 549 1401 637 Timosthenes,
1445 550 1775 635 Eudox‘US,
1814 548 2257 637 Clitarchusl);
2304 573 2459 637 ergo
2499 574 2578 615 ex
2616 549 2840 616 eodem
2878 550 3077 615 etiam

564 681 726 744 quae
782 660 992 724 media
1037 660 1534 744 interponantur
1579 655 1923 723 derivanda
1969 681 2107 723 esse
2153 658 2337 723 haec:
2394 658 2771 723 ‘Meridiano
2819 659 3075 724 cardine

560 766 758 830 silvae
812 767 1088 832 hiberno
1144 766 1422 831 maxime
1477 766 1713 853 virent,
1770 791 1808 830 a
1853 767 2062 831 media
2109 749 2246 831 eius
2292 771 2477 850 parte
2525 767 2868 832 imminens
2913 767 3075 832 mari
3143 839 3151 853 1

560 896 745 938 1110118
811 876 1102 940 excelsus
1164 875 1441 940 aeternis
1506 876 1687 941 ardet
1751 874 2018 962 ignibus
2035 927 2053 960 ,
2125 874 2371 939 Theon
2413 872 2695 939 Ochema
2765 874 2973 939 dictus
3040 898 3076 942 a

562 979 846 1066 Graecis3
910 1005 947 1046 a
1011 1006 1139 1067 quo
1194 983 1524 1069 navigatio
1587 983 1914 1068 quatridui
1970 982 2494 1067 promunturium
2551 982 2723 1067 quod
2776 982 3076 1067 Hesperu

563 1085 764 1152 Ceras*
799 1093 1066 1153 vocatur
1111 1091 1360 1154 confine
1406 1089 1664 1154 Africae
1711 1089 1894 1154 iuxta
1939 1088 2303 1174 Aethiopas
2348 1089 2717 1175 Hesperios,
2803 1088 3076 1165 Quidam

560 1198 624 1258 et
680 1194 750 1258 in
804 1218 878 1260 eo
934 1200 1147 1262 tractu
1202 1196 1488 1261 modicos
1533 1197 1730 1261 colles
1777 1219 2046 1262 amoena
2092 1195 2413 1282 opacitate
2459 1196 2731 1261 vestitos
2775 1196 3076 1283 Aegypa-

558 1324 715 1367 num
762 1302 1268 1390 Satyrorumque
1324 1304 1650 1389 produnt.'
1742 1304 1833 1370 At
1877 1327 2029 1369 vero
2078 1304 2190 1389 qui
2238 1304 2395 1369 satis
2441 1304 2866 1389 reputaverit,
2923 1326 3075 1389 quo-

559 1409 750 1474 modo
796 1410 1049 1476 Plinius
1106 1434 1269 1497 quae
1326 1435 1405 1476 ex
1460 1411 1654 1477 variis
1708 1411 2036 1477 variorum
2092 1411 2354 1496 scriptis
2407 1435 2540 1476 non
2595 1411 2732 1487 sine
2779 1410 3077 1476 molestia

558 1521 1074 1601 comportaverat
1148 1519 1470 1603 discerpta
1533 1519 1891 1604 miscuerit,
1958 1542 2085 1604 quo
2143 1519 2280 1583 iure
2338 1541 2541 1604 quave
2606 1518 3076 1603 probabilitate

559 1623 686 1687 ista
719 1623 1191 1693 Muellenhoffii
1238 1627 1564 1692 conclusio
1609 1627 1753 1711 fiat,
1800 1626 1986 1690 facile
2034 1626 2371 1712 intelleget
2387 1623 2453 1712 ¹).
2545 1626 2841 1712 Accedit,
2889 1626 3079 1711 quod,

559 1730 749 1795 sicuti
810 1732 979 1798 infra
1053 1733 1537 1819 demonstrab0‚
1611 1732 2003 1818 comparatis
2076 1731 2247 1797 inter
2320 1755 2387 1797 se
2459 1733 2658 1798 Plinii
2733 1738 2798 1798 et
2869 1734 3079 1799 Melae

561 1836 683 1925 (HI
728 1841 831 1904 94.
878 1836 995 1925 95)
1069 1840 1495 1905 relationibus
1568 1841 1827 1925 lapsum
1892 1838 2030 1905 esse
2093 1839 2651 1906 Muellenhoffium
2715 1865 2835 1926 pro
2902 1845 3077 1906 certo

558 1943 904 2030 colligitur.
986 1946 1251 2011 Reiecta
1288 1953 1504 2012 autem
1540 1948 2012 2015 Muellenhoffii
2049 1948 2418 2013 coniectura
2455 1947 2648 2013 simul
2686 1949 3079 2034 perspicitur

559 2073 771 2116 errore
835 2053 1041 2118 teneri
1104 2053 1509 2141 Meltzerum,
1585 2056 1726 2141 qui
1760 2054 1854 2143 (p.
1913 2054 2136 2142 506s7)
2203 2055 2508 2139 opinatus
2572 2060 2671 2120 est
2735 2055 3079 2139 Ephorum

556 2158 894 2224 Hannonis
940 2159 1268 2244 periplum
1314 2162 1599 2246 primum
1646 2162 1964 2227 detexisse
2013 2166 2078 2226 et
2123 2162 2348 2246 paucis
2393 2164 2759 2247 praefatum
2804 2163 2874 2227 in
2912 2185 3077 2247 opus

558 2288 747 2330 suum
792 2267 1128 2351 recepisse.
1195 2269 1369 2345 Quae
1426 2268 1709 2353 suspicio
1758 2268 1862 2333 vel
1914 2269 2057 2334 ideo
2104 2268 2265 2334 mihi
2313 2291 2708 2355 magnopere
2758 2270 3075 2356 displicet,

478 2400 481 2404 “
558 2372 731 2458 quod
765 2397 898 2439 non
941 2375 1167 2462 liquet,
1214 2376 1554 2462 quomodo,
1602 2376 1658 2441 si
1695 2399 1799 2441 res
1836 2376 1929 2441 ita
1968 2381 2154 2462 esset,
2200 2399 2405 2462 usque
2443 2377 2524 2440 ad
2558 2377 2757 2442 Plinii
2796 2381 3075 2442 aetatem

555 2503 821 2565 prorsus
877 2504 956 2546 ex
1011 2482 1349 2547 hominum
1404 2482 1607 2548 oculis
1655 2503 2030 2548 evanescere
2077 2483 2369 2567 potuerit
2414 2483 2536 2547 iste
2583 2483 2872 2549 libellus:
2926 2507 3077 2548 nam

555 2587 807 2672 Ephori
865 2611 1030 2673 opus
1086 2589 1283 2655 etiam
1337 2588 1809 2655 recentioribus
1863 2590 2272 2675 temporibus
2326 2590 2396 2655 in
2442 2591 2731 2656 omnium
2776 2591 3077 2656 manibus

557 2699 694 2759 erat
741 2700 806 2760 et
866 2720 1116 2761 summa
1171 2698 1512 2762 fruebatur
1566 2697 1968 2763 auctoritate.
2059 2697 2287 2784 Itaque
2342 2702 2416 2763 ut
2472 2720 2696 2763 eorum
2764 2721 2924 2782 quae
2972 2721 3075 2763 ex-

554 2803 744 2887 posui
792 2827 1109 2869 summam
1156 2805 1724 2889 comprehendam,
1789 2803 2187 2891 Ephorum
2234 2805 2311 2869 de
2359 2805 2623 2870 occidua
2667 2805 2915 2890 Libyae
2964 2829 3077 2871 ora

553 2910 649 2974 nil
693 2910 925 2976 debere
955 2912 1277 2996 Hannoni,
1315 2902 1532 2977 omnia
1558 2912 1961 2996 Euthymeni
1999 2911 2389 2976 Massiliensi
2426 2934 2808 2997 persuasum
2845 2914 3073 2980 habeo.

732 3018 961 3104 Neque
991 3019 1187 3084 etiam
1214 3018 1668 3106 Aristoteli,
1696 3019 1836 3084 viro
1865 3042 2021 3104 prae
2051 3020 2281 3085 ceteris
2310 3020 2747 3107 geographiae
2776 3020 2989 3105 perito
3005 3018 3076 3107 2),

554 3124 894 3190 Hannonis
949 3125 1242 3210 periplus
1288 3130 1438 3191 ante
1496 3126 1716 3192 oculos
1763 3126 1964 3192 fuisse
2008 3127 2289 3194 videtur:
2346 3132 2545 3214 certe,
2602 3128 2861 3193 tametsi
2908 3150 3075 3193 com-

555 3232 898 3297 memorari
953 3236 1107 3317 apte
1161 3232 1452 3317 pluriens
1507 3234 1727 3319 potuit
1772 3235 1953 3300 nullo
2001 3236 2143 3301 loco
2192 3236 2329 3301 eius
2376 3235 2619 3301 mentio
2667 3234 2904 3300 iniecta
2951 3239 3077 3321 est3

556 3362 902 3424 perperam
949 3338 1119 3403 enim
1166 3339 1213 3403 ii
1258 3339 1727 3406 ratiocinantur
1774 3342 1885 3427 qui
1899 3340 1952 3430 3)
1992 3343 2386 3408 contrarium
2423 3343 2799 3409 concludere
2839 3343 3077 3408 audent

560 3467 640 3509 ex
694 3446 872 3511 hisce
928 3448 1476 3535 meteorologicon
1529 3449 1748 3515 verbis
1812 3449 1874 3538 (I
1914 3454 1996 3518 13
2043 3475 2108 3535 p.
2147 3452 2279 3518 350
2315 3449 2417 3539 b):
2482 3448 2757 3536 Ὁμοίως
2827 3449 2899 3516 δὲ
2964 3450 3074 3516 καὶ

559 3551 714 3637 περὶ
771 3554 895 3638 τὴν
943 3556 1207 3640 Λιβύην
1263 3557 1335 3621 οἰ
1383 3552 1505 3640 μὲν
1561 3556 1675 3645 (86.
1721 3555 2038 3645 ποταμοὶ)
2093 3559 2166 3625 ἐκ
2217 3570 2352 3625 τῶν
2398 3561 2821 3625 Αἰθιοπικῶν
2877 3559 3076 3645 ὀρῶν,

557 3661 595 3725 ὅ
631 3684 701 3726 τε
737 3662 972 3745 Αἰνὼν
1018 3660 1128 3728 καὶ
1167 3662 1202 3727 ὁ
1241 3663 1481 3747 Num,
1531 3665 1603 3728 οἰ
1644 3659 1717 3729 δὲ
1765 3663 2067 3749 μέγιστοι
2112 3676 2246 3730 τῶν
2295 3665 2881 3750 διωνομασμένων,
2930 3665 2967 3730 ὅ
3005 3689 3074 3731 τε

558 3766 893 3852 Χρεμέτης
928 3770 1355 3854 καλούμενος,
1394 3769 1470 3847 ὃς
1505 3772 1599 3848 εἰς
1634 3772 1758 3855 τὴν
1796 3772 1918 3851 ἔξω
1958 3772 2066 3858 ῥεῖ
2096 3773 2467 3859 θάλασσαν,
2514 3770 2625 3838 καὶ
2660 3781 2782 3838 τοῦ
2821 3776 3077 3839 Νείλου

554 3875 630 3938 τὸ
698 3872 908 3960 ῥεῦμα
967 3878 1042 3941 τὸ
1105 3888 1371 3962 πρῶτον
1437 3876 1510 3943 ἐκ
1571 3882 1694 3945 τοῦ
1761 3877 2121 3966 Ἀργυροῦ
2164 3881 2582 3964 καλουμένου
2647 3883 2866 3964 ὄρους.
2970 3881 3077 3944 Ex

557 3980 796 4066 quibus
849 3982 1134 4065 primum
1188 3988 1398 4071 patet,
1457 3984 1882 4052 Aristotelem
1936 3988 2245 4052 asseclam
2301 3986 2770 4071 quodammodo
2826 3987 3073 4072 Euthy-

554 4110 815 4152 meneae
870 4089 1046 4154 illius
1103 4091 1429 4176 opinionis
1481 4091 1621 4159 Nili
1678 4098 1874 4178 caput
1928 4094 2223 4211 posuisse
2279 4093 2348 4157 in
2404 4093 2782 4159 occidentali
2837 4094 3074 4179 Libya:

554 4189 743 4260 aliter
789 4196 962 4260 enim
1005 4219 1139 4261 non
1184 4201 1541 4282 potuerunt
1587 4198 1725 4263 eius
1772 4200 1987 4263 fontes
2032 4199 2102 4264 in
2150 4199 2390 4265 eisdem
2432 4201 2766 4266 montibus
2805 4224 2961 4287 esse,
3007 4202 3077 4267 in

556 4302 795 4387 quibus
852 4302 1226 4369 Chremetis.
1329 4305 1514 4381 Quod
1579 4304 1634 4369 81
1701 4304 1916 4369 animo
1982 4305 2455 4394 informaveriS,
2520 4308 2587 4372 id
2653 4331 2909 4394 quoque
2975 4312 3077 4373 sat

738 4465 791 4533 1)
829 4461 898 4517 cf.
938 4463 1150 4518 Goebel
1189 4482 1245 4534 p.
1274 4469 1343 4518 46
1383 4463 1510 4518 adn.
1543 4470 1590 4518 1.

733 4553 793 4623 2)
828 4551 898 4607 cf.
938 4551 1117 4623 Sorof,
1157 4554 1226 4609 de
1251 4553 1483 4609 Aristot.
1520 4569 1699 4625 yeoqr.
1739 4552 1902 4608 Halis
1942 4554 2068 4610 Sax.
2101 4560 2256 4612 1886.
2324 4556 2531 4627 Berger
2558 4555 2612 4609 H
2637 4574 2692 4626 p.
2723 4563 2792 4612 83
2809 4574 2930 4626 sqq.

734 4642 789 4711 3)
828 4640 897 4696 cf.
935 4640 1173 4697 Meltzer
1207 4659 1262 4711 p.
1294 4647 1413 4698 234.
1455 4646 1575 4698 506.
