3467 5334
1239 421 1322 476 De
1359 419 1648 479 Hannonis
1684 419 1908 479 itinere.
2750 424 2837 490 43

335 588 524 656 certis
570 586 960 654 testimoniis
968 638 986 672 ,
1041 607 1151 650 eos
1207 607 1544 650 arenarum
1598 589 1880 670 montes,
1944 586 2055 672 qui
2110 587 2407 672 proxime
2462 589 2844 656 adiacebant

330 697 554 763 Me'doc
598 695 767 780 urbi,
813 716 1017 778 usque
1063 692 1144 757 ad
1178 692 1333 758 XVI
1380 716 1539 758 saec.
1588 693 1984 758 densissimis
2031 694 2211 760 silvis
2256 699 2463 762 tectos
2509 697 2725 781 fuisse,
2772 697 2841 761 in

332 802 571 888 quibus
627 825 820 887 apros
876 822 1223 886 cervosque
1268 801 1671 871 venabantur
1715 800 1972 866 nobiles
2017 801 2441 890 Francogalli.
2531 803 2843 869 Attamen

332 910 467 975 sive
513 909 929 996 neglegentia
974 908 1106 973 sive
1163 907 1441 973 stultitia
1495 907 1858 973 accolarum
1912 908 2169 992 accidit,
2236 914 2309 975 ut
2371 911 2841 995 pulcherrimae

334 1039 498 1102 quae
545 1016 640 1081 ibi
688 1017 999 1082 extabant
1043 1015 1204 1080 varii
1242 1015 1497 1101 generis
1535 1016 1799 1080 arbores
1838 1014 2135 1101 stirpitus
2172 1017 2616 1102 evellerentur,
2662 1018 2843 1083 cuius

332 1124 426 1189 rei
472 1122 921 1210 gravissimam
966 1145 1118 1187 mox
1164 1121 1293 1206 ipsi
1338 1122 1610 1187 luebant
1655 1145 1963 1206 poenam:
2011 1146 2173 1208 quae
2212 1125 2384 1189 enim
2420 1129 2610 1190 antea
2655 1126 2839 1191 arbo-

332 1254 477 1299 rum
522 1230 848 1295 radicibus
884 1229 1311 1294 firmabantur
1357 1233 1421 1293 et
1459 1228 1909 1294 retinebantur
1950 1230 2218 1316 taeniae,
2264 1232 2644 1297 brevissimo
2683 1235 2839 1296 tem-

336 1338 517 1424 poris
570 1336 782 1421 spatio
832 1334 1273 1419 praeterlapso
1328 1335 1543 1401 locum
1597 1337 1941 1401 mutabant
1996 1341 2061 1401 et
2106 1338 2208 1402 vel
2263 1338 2332 1403 in
2378 1339 2843 1404 mediterranea

338 1445 707 1531 migrabant
733 1466 985 1508 summa
1012 1442 1340 1507 celeritate
1357 1441 1406 1530 ¹)
1434 1443 1536 1508 vel
1563 1443 1762 1509 maris
1800 1444 2110 1528 quasdam
2137 1449 2356 1529 partes
2395 1447 2759 1511 obruebant
2770 1442 2844 1533 ²).

340 1552 526 1618 Unde
573 1550 878 1617 concludo
889 1602 925 1636 „
967 1550 1162 1615 etiam
1216 1550 1286 1614 in
1339 1549 1743 1615 meridionali
1797 1550 1918 1615 hac
1966 1550 2250 1619 Sakarae
2301 1553 2565 1640 regione
2620 1576 2848 1618 arenas

341 1660 618 1745 migrare
666 1658 972 1742 coepisse,
1019 1662 1367 1742 postquam
1410 1656 1751 1722 Hannonis
1795 1661 2050 1723 montes
2094 1659 2310 1725 nescio
2353 1682 2484 1744 qua
2531 1660 2608 1724 de
2655 1682 2846 1724 causa

341 1766 678 1837 odoriferis
712 1765 843 1830 illis
879 1765 1114 1849 palmis
1161 1764 1375 1831 orbati
1422 1770 1622 1851 erant,
1658 1768 1853 1849 atque
1906 1765 2053 1830 inde
2092 1767 2173 1830 ab
2221 1767 2345 1832 hoc
2387 1768 2644 1839 demum
2690 1771 2845 1832 tem-

339 1897 497 1958 pore
553 1896 727 1939 mare
775 1895 1030 1957 quoque
1087 1872 1179 1937 eis
1234 1871 1703 1956 pedetemptim
1751 1873 2032 1958 oppleri3
2089 1873 2573 1939 multitudinem
2628 1898 2847 1940 earum

341 1982 412 2046 in
477 1981 613 2046 dies
678 1978 900 2066 augeri
961 1983 1193 2044 notum
1248 1984 1371 2044 est:
1437 1983 1616 2044 totus
1677 1979 1850 2043 enim
1902 1981 2156 2064 Atquin
2220 1981 2399 2047 sinus
2462 1982 2654 2046 hodie
2711 2004 2851 2066 per-

341 2111 578 2175 magna
623 2085 1153 2171 circumsaepitur
1202 2084 1416 2150 taenia
1428 2082 1498 2172 3)‚
1546 2108 1740 2170 quam
1775 2109 1908 2150 non
1954 2090 2137 2152 tanta
2173 2088 2599 2172 amplitudine
2637 2089 2853 2174 fuisse,

347 2220 492 2263 cum
536 2194 821 2280 Borussi‚
867 2193 1114 2280 Batavi,
1160 2192 1584 2279 Francogalli,
1620 2192 1920 2257 Britanni
1969 2193 2045 2259 de
2093 2196 2344 2278 Arquin
2391 2195 2602 2261 insula
2649 2196 2856 2262 decer-

341 2307 572 2388 tarent,
619 2301 963 2367 admodum
1014 2299 1363 2367 verisimile
1411 2303 1510 2364 est
1520 2297 1592 2387 4).

519 2411 750 2476 Patere
798 2432 879 2473 ex
924 2408 1028 2473 his
1075 2407 1271 2472 etiam
1318 2407 1532 2492 cred0‚
1581 2406 1735 2492 quid
1782 2406 1897 2492 sit,
1955 2409 2128 2492 quod
2171 2408 2406 2474 Hanno
2455 2410 2638 2474 bidui
2684 2408 2857 2474 navi-

347 2518 608 2605 gatione
676 2540 740 2583 se
805 2517 953 2582 illos
1016 2520 1270 2581 montes
1343 2513 1710 2579 circumisse
1774 2517 2025 2600 narrat3
2097 2515 2248 2580 nolo
2316 2515 2487 2581 enim
2553 2517 2858 2581 traditam

345 2624 689 2689 lectionem
735 2646 878 2688 cum
913 2623 1225 2689 MueHero
1274 2622 1366 2710 (p.
1406 2620 1478 2710 9)
1527 2621 1798 2706 aliisque
1846 2622 2084 2686 mutari
2132 2622 2200 2686 in
2246 2626 2857 2709 παραπλεύσαντεςε

351 2730 594 2796 scilicet
647 2730 837 2795 hodie
905 2752 1158 2815 quoque
1222 2729 1292 2794 in
1354 2729 1498 2813 ipso
1560 2728 2117 2794 circumflectendo
2183 2731 2636 2813 promunturio
2694 2754 2860 2796 com-

349 2837 572 2922 plures
618 2837 874 2922 saepius
921 2838 1208 2904 consumi
1255 2837 1407 2923 dies,
1454 2858 1676 2902 omnes
1723 2835 2012 2900 omnium
2058 2835 2398 2901 nationum
2441 2841 2696 2922 nautae,
2747 2837 2858 2922 qui

346 2947 600 3029 Arquin
664 2945 876 3011 sinum
938 2945 1171 3029 visere,
1233 2943 1685 3009 renuntiarunt
1697 2939 1779 3029 5)‚
1844 2946 2038 3026 atque
2104 2941 2261 3008 adeo
2320 2943 2696 3027 desperatus
2759 2949 2858 3011 est

348 3052 666 3137 peripluS‚
713 3056 786 3118 ut
832 3052 1104 3117 Belcher
1153 3050 1223 3138 (l.
1272 3050 1313 3115 1.
1362 3074 1424 3134 p.
1464 3048 1624 3138 279)
1671 3049 2041 3115 trierarchis
2089 3038 2380 3135 suadeat,
2425 3073 2506 3115 ne
2516 3103 2534 3136 ,
2582 3052 2637 3118 si
2683 3053 2860 3117 venti

348 3158 553 3224 subiti
599 3181 672 3224 ac
718 3157 1060 3243 procellosi
1108 3157 1265 3242 sint,
1318 3157 1920 3243 circumnavigando
1968 3157 2138 3222 vitae
2185 3158 2546 3242 periculum
2591 3160 2859 3244 faciant3

350 3265 636 3353 deligent
681 3266 927 3351 potius,
987 3268 1233 3350 monet,
1287 3287 1482 3329 naves
1540 3264 1621 3328 ad
1667 3287 1932 3329 ancoras
1987 3264 2056 3328 in
2112 3264 2374 3329 occidua
2419 3266 2860 3349 promunturii

350 3377 561 3459 parte,
615 3374 731 3439 ubi
777 3395 1135 3458 perparvus
1182 3376 1366 3456 patet
1411 3371 1616 3455 sinus,
1669 3373 1937 3435 vocatus
1981 3392 2152 3435 nunc
2214 3372 2383 3438 West
2425 3372 2589 3457 Bay,
2636 3372 2859 3457 ibique

350 3480 660 3545 secundos
707 3483 1083 3564 exspectent
1127 3484 1371 3546 ventos.
1453 3478 1680 3563 Itaque
1726 3476 2114 3543 Hannonem
2160 3479 2320 3544 duos
2339 3548 2348 3555 ,
2367 3479 2437 3544 in
2472 3479 2639 3545 hanc
2683 3480 2856 3545 navi-

350 3588 680 3674 gationem
724 3586 1113 3670 impendisse
1162 3587 1297 3652 dies
1343 3584 1686 3672 probabile
1734 3588 1849 3649 est.

340 3772 345 3778 ¹
526 3692 662 3758 Iam
707 3715 858 3758 vero
896 3693 1234 3759 Hannonis
1270 3695 1535 3759 titulum
1573 3692 1989 3776 interpretari
2027 3714 2389 3779 pergamus.
2463 3692 2858 3758 Perveniunt

352 3801 686 3867 montibus
732 3800 1008 3867 feliciter
1055 3802 1407 3867 circumitis
1452 3802 1522 3866 in
1567 3801 1931 3866 inmensum
1987 3800 2182 3865 maris
2226 3800 2478 3864 hiatum
2526 3798 2858 3887 Carthagi-

532 4069 584 4136 1)
622 4066 692 4121 cf.
732 4066 935 4121 Reclus
971 4067 1023 4121 II
1058 4087 1111 4137 p.
1143 4074 1266 4124 271.

528 4175 582 4242 2)
611 4173 680 4228 cf.
702 4173 1227 4244 Peschel-Leipoldt
1243 4194 1296 4245 p.
1313 4175 1524 4249 458l59.
1572 4175 1655 4229 De
1676 4174 1846 4229 maris
1866 4172 2073 4228 Baltici
2098 4174 2211 4229 oris
2237 4174 2516 4232 Frederioi
2536 4175 2805 4230 Guilelmi
2825 4175 2851 4228 I

351 4261 543 4315 aetate
591 4261 883 4317 arboribus
931 4264 1189 4333 spoliatis
1236 4265 1476 4335 ideoque
1514 4281 1811 4320 arenarum
1851 4264 1907 4318 vi
1952 4263 2189 4319 vastatis
2242 4262 2450 4321 similia
2485 4265 2681 4319 narrat
2716 4264 2853 4318 Foss

353 4349 613 4407 Zeitschr.
653 4351 706 4406 d.
749 4352 1030 4409 Gesellsch.
1068 4353 1110 4421 f.
1151 4353 1324 4408 Erdk.
1363 4372 1434 4410 zu
1469 4354 1669 4409 Berlin
1704 4353 1781 4408 XI
1819 4372 1872 4423 p.
1904 4358 2024 4409 251.
2133 4414 2139 4422 ,

528 4460 582 4527 3)
622 4455 845 4522 Quanta
882 4459 958 4514 sit
992 4460 1111 4515 eius
1148 4460 1496 4529 magnitud0‚
1536 4460 1705 4516 docet
1739 4461 1861 4515 Mer
1895 4479 1949 4529 p.
1982 4467 2068 4516 36.
2143 4460 2213 4515 cf.
2252 4460 2382 4527 Afr.
2416 4460 2518 4528 pil.
2555 4477 2610 4527 p.
2646 4465 2762 4514 119.

530 4569 587 4634 4)
625 4565 694 4621 cf.
736 4564 936 4620 Fitzau
972 4584 1027 4636 p.
1058 4573 1179 4623 241.
1253 4568 1430 4621 Treve
1465 4586 1518 4636 p.
1552 4573 1637 4623 28.

412 4728 418 4732 .
532 4674 586 4743 5)
625 4672 694 4727 cf.
735 4672 856 4728 Mer
893 4692 947 4743 p.
978 4680 1061 4729 36.
1107 4679 1222 4729 139.
