3467 5334
558 371 644 438 58
1684 373 1867 445 eaput
1903 376 1944 430 1.

555 539 1198 623 suffimentorumque
1246 539 1438 622 plena
1484 561 1602 622 per
1640 542 1949 623 quattuor
1995 537 2131 602 dies
2176 537 2302 601 iter
2347 536 2801 627 continuasse?
2855 534 3068 599 Habe‘-

550 667 695 709 mus
739 644 945 731 igitur
992 650 1239 711 certum
1285 645 1594 710 indicium
1641 644 1985 710 distantiae
2032 649 2253 710 notam
2300 645 2368 709 in
2416 667 2489 708 ea
2537 667 2699 729 quae
2746 641 3069 707 antecedit

548 753 957 837 paragrapho
998 753 1137 817 sive
1176 753 1480 818 omissam
1519 775 1656 818 esse
1694 753 1778 816 ab
1828 776 1922 838 eo,
1969 751 2072 817 cui
2118 774 2347 838 graeca
2384 751 2604 836 punici
2642 750 2820 816 tituli
2855 749 3065 814 versio

547 856 927 922 vindicanda
974 864 1098 944 est,
1166 859 1296 924 sive
1355 860 1666 925 excidisse
1712 860 2128 925 librariorum
2176 859 2394 942 culpa:
2460 858 2621 923 illud
2676 858 3067 943 praeplacet,

550 965 701 1048 quia
746 965 876 1029 iam
919 964 1116 1030 Plinii
1163 970 1388 1030 auctor
1433 965 1557 1054 (VI
1597 963 1757 1052 197)
1803 965 1973 1030 idem
2020 965 2310 1049 peccavit
2365 988 2439 1031 ac
2484 965 2873 1031 recentiores
2917 987 3066 1050 geo-

546 1072 782 1157 graphi
827 1095 1035 1157 neque
1080 1072 1399 1138 Arrianus
1445 1071 1609 1160 (Ind.
1646 1071 1856 1137 XLIII
1905 1075 2005 1137 11.
2048 1069 2162 1158 12)
2210 1095 2289 1136 ex
2336 1096 2513 1139 more
2562 1096 2676 1139 suo
2725 1076 2883 1158 quot
2930 1072 3066 1136 dies

545 1178 781 1243 Hanno
820 1180 903 1243 ab
934 1179 1213 1263 Hesperi
1251 1201 1449 1244 cornu
1487 1179 1566 1243 ad
1602 1178 1764 1244 Noti
1800 1179 2204 1265 navigaverit
2238 1181 2581 1246 nobiscum
2618 1179 3064 1245 communicat.

543 1283 771 1369 Itaque
811 1309 957 1352 cum
993 1287 1326 1373 vulgarem
1364 1286 1924 1352 ratiocinationem
1961 1286 2299 1352 Hannonis
2334 1288 2495 1352 fides
2533 1286 2877 1372 dissuadet,
2923 1290 3064 1350 tum

544 1394 711 1458 ratio
760 1393 1009 1459 evertit.
1101 1394 1194 1460 Ut
1241 1394 1412 1459 enim
1458 1394 1721 1459 interim
1770 1394 2208 1480 concedamus,
2260 1395 2343 1458 ab
2392 1394 2713 1479 Hesperio
2761 1416 3063 1479 promun—

430 1486 439 1493 ’
546 1502 718 1566 turio
764 1501 1310 1587 progrediendum
1349 1523 1486 1565 esse
1525 1500 1594 1566 in
1631 1505 1940 1585 computo
1977 1500 2396 1585 instituendO,
2444 1502 2498 1567 si
2536 1527 2574 1566 a
2611 1501 3062 1586 promunturio

556 1608 747 1673 Verde
791 1630 909 1691 per
968 1612 1277 1692 quattuor
1323 1607 1460 1672 dies
1507 1630 1687 1673 oram
1733 1607 2312 1693 praetervehimur,
2374 1631 2521 1673 eum
2567 1609 2857 1694 capimus
2903 1613 3063 1673 trac-

544 1719 710 1799 tum,
774 1715 875 1780 cui
933 1715 1304 1780 innumerae
1361 1715 1653 1781 obiectae
1710 1720 1862 1780 sunt
1918 1716 2222 1799 Bissayos
2276 1715 2550 1780 insulae:
2613 1738 2835 1780 verum
2891 1715 3063 1779 enim

543 1846 695 1888 vero
741 1846 873 1899 non
910 1824 1119 1888 solum
1157 1827 1370 1888 totum
1409 1824 1915 1910 archipelagum,
1962 1823 2074 1887 sed
2112 1823 2308 1886 etiam
2346 1827 2585 1887 terram
2624 1823 3063 1888 continentem

543 1930 804 2013 planam
861 1935 926 1994 et
974 1930 1314 1995 demissam
1370 1954 1508 1995 esse
1561 1954 1752 1996 nemo
1808 1931 2014 1996 nescit
2031 1927 2095 2016 ¹).
2188 1928 2264 1994 In
2321 1953 2396 1996 eo
2452 1953 2603 1995 vero
2663 1930 2835 2015 quod
2891 1930 3062 1994 dein-

544 2059 700 2120 ceps
748 2036 1042 2122 sequitur
1086 2038 1296 2125 litore,
1355 2039 1610 2105 duobus
1652 2039 1814 2104 locis
1859 2037 1977 2103 alti
2024 2042 2279 2103 montes
2324 2038 2404 2102 ad
2451 2040 2842 2104 Atlanticum
2887 2060 3061 2101 mare

543 2150 958 2227 procurrunt:
997 2142 1161 2211 alter
1195 2147 1386 2211 hodie
1415 2152 1682 2212 vocatur
1704 2148 1930 2232 Scyres
1964 2147 2069 2210 vel
2097 2146 2500 2231 Kakoulima,
2539 2145 2720 2210 cuius
2759 2167 3062 2209 cacumen

545 2253 790 2318 attollit
836 2255 916 2318 ad
963 2257 1094 2320 910
1123 2278 1206 2320 m.
1244 2254 1656 2320 altitudinem
1668 2253 1742 2342 ²),
1789 2255 1976 2319 alteri
2024 2258 2175 2319 sunt
2224 2253 2476 2321 Sierrae
2510 2254 2712 2319 Leone
2757 2274 3058 2336 promun-

542 2359 696 2424 turii
744 2361 926 2447 iuga,
983 2384 1258 2445 quorum
1307 2363 1419 2446 qui
1467 2385 1758 2427 summus
1813 2366 1910 2426 est
1955 2365 2180 2425 vertex
2228 2360 2438 2444 Suyar
2480 2361 2660 2441 Loaf
2692 2360 3061 2443 appellatus

546 2469 675 2531 700
711 2490 793 2530 m.
841 2468 1124 2553 assurgit
1139 2464 1217 2553 ³):
1266 2490 1466 2532 unum
1511 2468 1613 2532 vel
1660 2468 1936 2533 alterum
1982 2468 2373 2552 interpretes
2416 2467 2613 2552 vulgo
2662 2472 3060 2551 componunt

543 2595 688 2636 cum
753 2573 1091 2639 Hannonis
1154 2575 1378 2640 Theon
1434 2574 1783 2641 Ochemate
1794 2572 1877 2661 4),
1950 2575 2132 2640 flocci
2197 2575 2507 2639 facientes
2571 2597 2734 2659 quae
2786 2573 3057 2659 *utrique

730 2843 782 2909 1)
820 2839 1066 2895 Tabulas
1106 2859 1297 2896 earum
1336 2841 1392 2896 in
1423 2843 1625 2911 quibus
1664 2841 1779 2896 iam
1813 2841 2123 2911 disputatio
2152 2840 2472 2896 versabitur
2497 2774 2791 2908 regignum
2822 2838 3057 2893 adhibui

540 2926 668 2982 has:
707 2929 1018 2998 Anglorum
1065 2930 1322 2985 chartam
1368 2930 1743 2986 maritimam:
1782 2931 1954 2987 River
1995 2930 2234 2985 Gambia
2270 2935 2324 2984 to
2364 2930 2510 2999 Cape
2545 2929 2758 2999 Lopez;
2810 2922 3053 2983 Hassen-

542 3018 733 3071 steinii
779 3037 1071 3089 mappam,
1121 3038 1234 3088 qua
1270 3020 1588 3097 delineatur
1625 3037 1724 3075 ora
1760 3020 1890 3074 inde
1929 3039 1964 3075 a
1993 3021 2259 3075 Gambiae
2293 3017 2540 3072 fluminis
2579 3017 2725 3072 ostio
2762 3016 3054 3071 meridiem

540 3122 733 3161 versus
788 3111 986 3178 patens
1043 3109 1135 3179 (cf.
1168 3111 1283 3164 Pet.
1323 3127 1455 3165 ann.
1489 3110 1724 3165 XXVIII
1771 3116 1904 3166 1882
1962 3111 2077 3166 tab.
2122 3113 2235 3177 13);
2300 3106 2612 3177 Anglorum
2667 3105 3053 3176 possessiones

540 3197 946 3252 adumbrantur
983 3197 1362 3267 compluribus
1398 3199 1640 3268 tabulis,
1678 3215 1822 3268 quae
1859 3198 2072 3252 ibidem
2108 3198 2369 3266 prodiere
2416 3198 2508 3266 (cf.
2547 3198 2663 3252 Pet.
2701 3215 2832 3250 ann.
2873 3195 3054 3250 XXIX

544 3291 678 3340 1883
717 3305 771 3357 p.
801 3294 922 3344 431.
980 3286 1116 3342 ibid.
1156 3292 1198 3342 t.
1227 3288 1343 3358 XI).
1410 3288 1789 3344 Buettikoferi
1837 3287 2061 3342 chartas
2101 3285 2432 3340 Liberianas
2482 3301 2651 3355 supra
2696 3283 2811 3338 iam
2849 3287 3051 3340 merito

537 3374 783 3431 laudavi.
849 3379 933 3431 De
964 3377 1202 3446 singulis
1242 3379 1310 3433 cf.
1351 3377 1554 3432 Reclus
1592 3378 1626 3433 l.
1658 3377 1695 3433 l.
1734 3396 1790 3448 p.
1821 3384 1940 3431 294.
1974 3382 2092 3430 327.
2126 3382 2246 3430 333.
2286 3382 2406 3430 343.
2448 3381 2567 3430 345.
2609 3382 2727 3430 373.
2769 3381 2888 3430 392.
2928 3382 3047 3429 398.

719 3472 775 3525 2)
814 3466 881 3521 cf.
923 3466 1128 3521 Reclus
1165 3485 1218 3536 p.
1254 3474 1374 3522 332.

726 3555 779 3621 3)
816 3555 885 3608 cf.
925 3556 1131 3610 Reclus
1170 3575 1222 3625 p.
1254 3561 1375 3615 345.

719 3646 774 3713 4)
812 3645 1153 3700 Kakoulima
1180 3647 1445 3712 montem,
1478 3643 1576 3712 qui
1604 3642 1782 3698 altero
1804 3641 2030 3697 nomine
2061 3642 2222 3697 audit
2242 3643 2460 3714 SayreS,
2477 3642 2737 3713 intellegi
2767 3643 3051 3698 iusserunt

537 3731 783 3787 Ukertus
813 3734 837 3786 I
869 3740 917 3800 1,
940 3741 1024 3802 66,
1063 3734 1299 3789 Mueller
1325 3752 1378 3803 p.
1406 3742 1488 3803 13,
1526 3733 1796 3789 Vivienus
1835 3733 1905 3786 de
1936 3732 2016 3787 St.
2035 3733 2246 3788 Martin
2284 3752 2337 3803 p.
2371 3739 2492 3800 394,
2532 3730 2834 3787 Goebelius
2870 3750 2925 3800 p.
2957 3740 3045 3801 56,

538 3821 773 3875 Trevius
809 3841 864 3891 p.
890 3830 973 3878 39.
1031 3824 1113 3878 De
1142 3823 1532 3879 Βίων-(1166116
1567 3823 1956 3892 promunturio
1995 3821 2263 3892 Forbiger
2302 3823 2350 3876 ΙΙ
2389 3826 2494 3877 880
2532 3820 2923 3891 (d'Anvillium
2963 3838 3046 3875 se-

539 3912 720 3980 cutus)
761 3914 821 3966 et
856 3912 1180 3967 Peschelius
1217 3932 1270 3983 p.
1301 3918 1369 3967 22
1409 3912 1818 3982 cogitaverunt.
1896 3911 2245 3966 Gosselinius
2275 3910 2333 3979 (1.
2367 3909 2404 3966 l.
2432 3928 2485 3980 p.
2509 3913 2601 3981 93)
2632 3909 2862 3978 eiusque
2890 3911 3046 3981 pedi-

538 3998 700 4067 sequi
732 3999 925 4055 Theon
956 4001 1203 4057 Ochema
1236 4003 1685 4071 recognoverant
1719 4003 1781 4056 in
1812 4000 1894 4055 eis
1923 4000 2228 4068 montibus,
2266 4000 2365 4068 qui
2391 4016 2568 4070 prope
2595 4000 3047 4070 promunturium

537 4088 786 4156 Bojador
841 4092 913 4143 ad
968 4107 1121 4144 mare
1176 4092 1475 4161 accedunt,
1534 4089 1845 4146 Heerenius
1884 4090 1934 4144 II
1971 4096 2022 4156 2,
2062 4096 2091 4143 7
2102 4088 2255 4161 18l19
2307 4087 2368 4142 in
2413 4088 2804 4159 promunturio
2855 4089 3045 4157 Verde,

536 4177 861 4233 Mannertus
899 4179 947 4255 (l
984 4187 1034 4250 2,
1073 4184 1194 4250 49),
1247 4181 1434 4236 Ritter
1482 4181 1541 4251 (l.
1571 4181 1607 4234 1.
1643 4198 1696 4249 p.
1730 4184 1843 4247 22),
1899 4176 2349 4248 Bougainvillius
2398 4177 2456 4248 (l.
2497 4178 2535 4233 1.
2571 4196 2625 4247 p.
2659 4181 2749 4249 22)
2790 4179 2849 4231 111
2885 4177 3043 4232 60111-

536 4266 643 4320 bus
680 4266 1032 4336 quibusdam,
1072 4269 1168 4338 qui
1203 4269 1354 4325 inter
1389 4266 1780 4340 promunturia
1821 4268 2050 4322 Palma-3
2087 4269 2147 4322 et
2179 4268 2570 4324 Three-Points
2607 4266 3043 4338 conspiciuntur.

536 4355 789 4425 Denique
826 4356 1055 4412 Entzius
1095 4360 1153 4427 (l.
1192 4359 1229 4413 1.
1267 4379 1323 4429 p.
1353 4364 1445 4426 46)
1483 4357 1781 4412 Hannonis
1819 4358 2040 4411 montes
2088 4355 2348 4426 componi
2385 4355 2567 4411 voluit
2604 4372 2729 4409 cum
2768 4354 3041 4411 hodierno

537 4445 728 4515 Ninyo
764 4446 931 4514 Peak,
976 4445 1097 4500 Mer
1135 4449 1191 4515 (l.
1232 4447 1267 4502 l.
1306 4466 1361 4516 p.
1393 4446 1597 4520 52s53),
1645 4443 1910 4499 Berlioux
1945 4449 2019 4514 (p.
2051 4450 2166 4515 25),
2220 4444 2619 4500 Schamickius
2658 4443 2715 4514 (1.
2754 4445 2790 4498 l.
2829 4462 2883 4514 p.
2914 4448 3040 4515 398)

540 4549 665 4585 cum
722 4534 1108 4600 KameruniiS,
1166 4538 1262 4605 qui
1308 4552 1477 4605 supra
1526 4534 1930 4590 Germanorum
1990 4535 2374 4604 possessiones
2434 4533 2711 4589 altissime
2764 4535 2826 4588 in
2876 4551 3041 4589 auras

540 4622 894 4681 attolluntur.
969 4624 1148 4693 Adde,
1187 4625 1337 4693 quod
1375 4622 1797 4691 Humboldtius‚
1844 4624 1923 4679 kr.
1972 4623 2183 4680 Untera
2218 4624 2271 4678 H
2310 4631 2377 4681 95
2429 4626 2607 4680 totam
2657 4623 2803 4679 hanc
2849 4640 3042 4679 narra-
