3467 5334
863 390 1100 465 Quando
1139 400 1366 456 Graecis
1402 400 1712 458 innotuerit
1747 391 2039 457 Hannonis
2076 395 2344 474 periplus.
2743 392 2871 471 115

361 563 635 647 proclivi
701 563 1066 628 coniectura
1129 587 1494 651 assequare,
1558 556 1979 631 Aristotelem
2033 588 2325 653 pugnare
2380 573 2602 634 contra
2657 568 2875 653 ipsum

363 670 554 734 illum
610 671 1105 755 Massiliensem,
1181 673 1361 737 cuius
1426 673 1659 738 scrinia
1731 696 1954 738 omnes
2028 674 2160 737 fere
2224 673 2334 740 IV.
2399 676 2635 740 saeculi
2708 697 2873 739 com-

360 777 646 861 pilavere
711 779 1099 866 geographi,
1165 801 1310 843 cum
1364 780 1589 864 paucis
1652 780 2007 845 interiectis
2072 780 2290 847 addat:
2355 781 2501 847 Ὅτι
2564 780 2685 868 μὲν
2751 777 2874 848 οὖν

363 884 446 950 οὐ
511 887 618 950 δεῖ
677 890 968 970 νομίζειν
1035 885 1208 951 οὕτω
1272 889 1581 969 γίνεσθαι
1645 891 1762 965 τὰς
1827 888 2031 972 ἀρχὰς
2093 899 2228 952 τῶν
2291 902 2608 975 ποταμῶν
2665 890 2754 966 ὡς
2807 888 2873 966 ἐξ

361 991 850 1077 ἀφωρισμένων
895 998 1189 1077 κοιλιῶν,
1235 997 1532 1080 φανερόν
1546 991 1616 1080 ¹).
1699 994 1996 1079 Denique
2042 997 2116 1057 ut
2148 995 2429 1082 eluceat,
2477 1019 2671 1081 quam
2710 996 2875 1059 bene

362 1098 578 1161 omnia
624 1099 980 1184 concinant,
1026 1100 1094 1163 id
1137 1098 1333 1163 velim
1378 1099 1869 1186 animadvertas„
1917 1100 2089 1186 quod
2129 1101 2211 1165 ad
2248 1100 2636 1167 Chremeten
2672 1123 2875 1185 usque

360 1202 643 1288 Scylacis
708 1229 964 1291 quoque
1029 1211 1255 1271 auctor
1308 1208 1629 1291 pervenit:
1693 1230 1846 1273 nam
1899 1206 2093 1271 huius
2149 1207 2315 1272 ostio
2370 1207 2681 1293 ‘opposita
2738 1211 2876 1272 erat

369 1309 571 1376 Cerne
617 1312 845 1377 insula.

538 1417 690 1507 Iam·
729 1421 1066 1505 proximus
1116 1425 1214 1485 est
1261 1421 1317 1486 is
1362 1420 1652 1507 libellus,
1709 1422 1821 1507 qui
1866 1421 2206 1486 Hannonis
2251 1422 2579 1507 periplum
2625 1421 2875 1507 primus

364 1525 598 1589 diserte
627 1526 872 1593 laudat:
903 1528 1044 1592 dico
1073 1531 1422 1594 tractatum
1450 1527 1628 1613 περὶ
1664 1533 2134 1613 θαυμασίων
2173 1527 2724 1613 ἀκουσμάτων,
2764 1528 2876 1613 qui

363 1633 569 1697 fertur
601 1632 976 1700 Aristotelis
1024 1634 1284 1699 nomine
1295 1634 1376 1724 2),
1422 1637 1537 1700 ubi
1575 1641 1613 1718 ξ
1651 1639 1733 1702 37
1773 1637 1931 1701 haec
1965 1635 2300 1722 leguntur:
2336 1636 2617 1720 Λέγεται
2656 1632 2729 1701 δὲ
2765 1634 2876 1701 καὶ

362 1742 442 1805 τὰ
472 1740 593 1818 ἔξω
624 1747 883 1825 στηλῶν
912 1739 1323 1827 Ἡρακλείων
1351 1746 1682 1827 καίεσθαι,
1709 1744 1791 1808 τὰ
1818 1738 1941 1827 μὲν
1972 1743 2083 1807 διὰ
2109 1747 2377 1827 παντός,
2403 1745 2483 1808 τὰ
2514 1740 2587 1809 δὲ
2616 1745 2875 1826 νύκτωρ

364 1851 603 1931 μόνον,
663 1849 753 1926 ὡς
808 1848 844 1914 ὁ
884 1846 1225 1924 ’Ἁννωνος
1278 1852 1639 1934 περίπλους
1694 1851 1962 1935 ἱστορεῖ.
2052 1847 2206 1915 Non
2259 1842 2604 1934 possumus
2658 1852 2877 1914 autem

362 1955 677 2020 mehercle
723 1955 793 2021 in
837 1954 958 2020 hac
1004 1955 1379 2038 quaestione
1427 1956 1772 2041 quicquam
1818 1957 2157 2041 proficere,
2211 1956 2338 2021 nisi
2385 1958 2719 2023 undenam·
2751 1956 2879 2020 ista

364 2062 561 2126 verba
614 2063 921 2128 fluxerint
975 2062 1524 2144 constituerimus,
1586 2066 1782 2147 atque
1839 2062 2005 2126 bene
2063 2061 2178 2145 pol
2232 2063 2502 2147 factum,
2559 2061 2730 2147 quod
2784 2061 2877 2126 in·

363 2169 551 2234 victis
605 2169 1004 2256 argumentis
1060 2168 1569 2234 demonstratum
1626 2172 1724 2233 est
1775 2191 1814 2231 a
1857 2167 2344 2234 Muellenhoffio
2393 2174 2458 2235 et
2503 2168 2876 2253 Schradero,

363 2280 574 2341 totum
610 2277 772 2341 illud
814 2279 1026 2361 caput,
1066 2274 1238 2360 quod
1276 2279 1373 2339 est
1412 2275 1489 2339 de
1526 2275 1938 2340 mirabilibus
1975 2273 2259 2361 ignibu8‚
2298 2298 2332 2340 e
2368 2275 2876 2360 Theophrasteis

364 2383 684 2468 excerptis
747 2386 1089 2448 consutum
1142 2404 1300 2446 esse.
1401 2382 1584 2459 Quod
1637 2405 1862 2448 verum
1919 2404 2056 2447 esse
2110 2405 2243 2447 non
2306 2383 2695 2448 infitiabitur
2764 2381 2877 2466 qui

366 2512 603 2574 paucos
657 2490 828 2556 inter
875 2512 940 2555 se
987 2490 1455 2574 comparaverit
1501 2491 1705 2556 locos:
1761 2492 2104 2574 desumpta
2150 2495 2248 2556 est
2293 2490 2744 2577 paragraphus
2788 2491 2874 2555 41.

365 2619 399 2661 e
452 2597 883 2681 Theophrasti
937 2595 1089 2680 περὶ
1145 2601 1361 2663 λίθων
1415 2596 1640 2662 libello
1700 2595 1808 2685 (cf.
1864 2621 1926 2681 p.
1977 2599 2059 2662 37
2120 2600 2158 2679 ἓ
2200 2601 2281 2665 13
2301 2595 2464 2685 W.);
2520 2620 2599 2661 ex
2655 2596 2878 2661 eodem

365 2705 674 2789 opusculo
705 2704 1048 2770 derivanda
1077 2707 1175 2768 est
1209 2704 1601 2789 paragraphi
1631 2706 1716 2770 33
1747 2705 1949 2768 altera
1976 2726 2130 2787 pars
2156 2703 2265 2792 (cf.
2294 2729 2357 2789 p.
2380 2707 2461 2770 37
2494 2706 2532 2785 ἓ
2556 2706 2639 2768 12
2650 2699 2785 2788 W)
2798 2700 2879 2789 ³):

364 2813 530 2876 unde
585 2811 949 2897 probabilis
1007 2810 1331 2875 conclusio
1388 2814 1514 2896 est,
1574 2810 1771 2875 etiam
1828 2833 1990 2896 quae
2044 2811 2255 2875 media
2308 2811 2617 2898 leguntur
2671 2809 2879 2874 eidem

366 2919 584 2984 deberi
613 2919 1081 3004 Theophrasto,
1119 2922 1313 3002 atque
1350 2916 1417 2981 id
1456 2916 1714 3003 quidem
1752 2917 2310 3004 verisimillimum,
2356 2918 2878 3003 Theophrastum

364 3027 528 3090 hanc
591 3026 928 3091 materiam
992 3024 1208 3090 dedita
1272 3047 1469 3108 opera
1542 3029 1853 3091 tractasse
1919 3025 1988 3090 in
2054 3048 2129 3091 eo
2204 3047 2397 3110 quem
2453 3023 2606 3111 περὶ
2670 3027 2880 3110 πυρός

366 3133 650 3198 condidit
691 3133 935 3199 libello.
1016 3132 1244 3217 Itaque
1283 3136 1454 3197 certe
1491 3132 1927 3216 Theophrasti
1961 3136 2173 3198 aetate
2211 3132 2550 3263 Hannonis
2586 3132 2879 3217 periplus

370 3240 629 3306 Graecis
674 3244 869 3305 notus
915 3237 1124 3327 fuit4).

549 3403 604 3468 1)
642 3399 713 3454 cf.
752 3400 935 3453 Bauer
968 3417 1023 3469 p.
1055 3403 1122 3452 75
1163 3400 1290 3453 adn.
1324 3403 1370 3452 1.
1454 3405 1458 3410 '

544 3490 601 3559 2)
639 3487 871 3553 Quando
893 3488 987 3543 hic
1015 3487 1243 3542 libellus
1273 3486 1615 3559 compositus
1645 3504 1767 3543 esse
1796 3485 2074 3555 videatur,
2104 3488 2394 3556 exponunt
2419 3484 2880 3541 Muellenhoffi‘us

367 3579 394 3632 I
430 3598 485 3650 p.
513 3583 618 3633 426
640 3595 760 3647 sqq.
800 3579 860 3632 et
898 3577 1201 3645 Schrader,
1247 3575 1346 3646 qui
1392 3576 1735 3646 singularem
1782 3574 2314 3631 commentationem
2358 3574 2688 3645 inscriptam
2736 3564 2790 3629 U
2790 3577 2882 3629 ber

367 3670 456 3725 die
523 3668 747 3738 Quellen
809 3668 904 3723 der
954 3667 1592 3737 pseudomistotelischen
1647 3666 1863 3734 Schrift
1923 3666 2055 3735 περὶ
2114 3661 2454 3735 θαυμασίων
2509 3661 2880 3734 ἀκουσμάτων

365 3755 601 3812 inseruit
651 3755 990 3813 Fleckeiseni
1034 3756 1226 3813 annal.
1275 3756 1386 3810 vol.
1418 3760 1485 3809 97
1524 3759 1708 3824 (1868)
1749 3776 1800 3826 p.
1832 3762 1936 3810 217
1959 3771 2077 3824 sqq.
2150 3753 2219 3808 of.
2269 3752 2561 3821 Geffcken‚
2615 3753 2876 3808 Timaios'

370 3847 562 3917 Geoyr.
600 3847 653 3901 d.
705 3846 946 3902 Weste‘ns
987 3850 1121 3899 1892
1160 3862 1214 3914 p.
1256 3848 1328 3898 84
1353 3861 1473 3912 sqq.

544 3937 600 4006 3)
637 3934 705 3989 cf.
748 3934 1023 3991 Schrader
1058 3952 1112 4004 p.
1144 3939 1265 3988 223.

544 4027 600 4095 4)
638 4023 729 4078 Ad
774 4022 928 4078 idem
972 4023 1088 4080 fere
1126 4026 1349 4093 tempus
1398 4021 1490 4090 (cf.
1534 4020 1868 4077 Gutsohmid
1905 4021 1979 4075 ad
2014 4021 2230 4077 Flaohii
2265 4020 2397 4099 Hes
2437 4019 2621 4077 Miles.
2667 4040 2722 4092 p.
2757 4025 2877 4088 159)

374 4112 718 4180 deducimur,
749 4111 799 4167 ei
825 4113 976 4166 recte
1004 4112 1244 4167 Mueller
1280 4113 1511 4184 (proleg.
1540 4130 1595 4182 p.
1627 4111 1804 4181 XXX)
1842 4110 2137 4167 Hannonis
2174 4127 2377 4165 nomen
2415 4111 2593 4165 latere
2632 4109 2880 4178 suspica·

371 4206 462 4258 tus
521 4203 609 4258 eet
661 4200 722 4255 in
770 4201 1046 4270 corruptis
1092 4200 1432 4272 Palaephati
1476 4200 1661 4257 verbis
1719 4201 2008 4271 (incredib.
2056 4200 2288 4268 XXX11;
2348 4200 2417 4255 cf.
2466 4199 2883 4265 Weetermann,

366 4294 630 4364 mythoyr.
688 4310 739 4361 p.
790 4292 946 4360 295),
1003 4289 1073 4344 de
1130 4290 1332 4359 quibus
1389 4294 1521 4361 post
1575 4290 1949 4347 Voelckerum
2013 4307 2161 4346 vana
2223 4287 2464 4360 protulit
2517 4286 2879 4357 Tuempelius

304 4379 462 4451 ·'(ef.
505 4380 766 4435 Fleckeis.
806 4397 938 4434 ann.
975 4380 1157 4449 suppl.
1186 4377 1315 4431 XVI
1341 4395 1395 4447 p.
1426 4383 1567 4449 205).
1633 4380 1712 4435 At
1750 4397 2095 4452 quamquam
2132 4378 2393 4436 Muelleri
2430 4375 2676 4447 suspicio
2712 4374 2882 4430 valde

375 4468 518 4524 mihi
575 4467 811 4536 arridet,
862 4469 1077 4536 tamen,
1147 4483 1274 4522 cum
1324 4467 1394 4521 de
1460 4466 1715 4522 codicum
1783 4470 2060 4540 scriptura
2113 4486 2225 4524 non
2279 4466 2396 4521 iam
2459 4466 2595 4521 satis
2663 4467 2884 4521 constet

371 4558 463 4629 (cf.
490 4558 715 4625 Boysen
748 4557 945 4613 Philoz.
977 4556 1124 4611 XL11
1160 4575 1213 4626 p.
1245 4561 1349 4611 300
1371 4573 1516 4625 sqq.;
1548 4556 1832 4613 Froehner
1858 4558 2057 4617 Philol.
2086 4558 2265 4629 suppl.
2296 4554 2347 4610 V
2375 4572 2429 4624 p.
2462 4556 2579 4624 35),
2608 4554 2882 4609 iudicium

375 4647 446 4703 de
481 4647 590 4702 hoc
626 4648 751 4701 looo
790 4646 1050 4702 cohibere
1088 4649 1357 4717 praestat.

2376 4734 2454 4791 8*
