3467 5334
587 397 673 462 36
1707 392 1893 463 Caput
1928 392 1971 450 Ι.

585 562 773 627 facile
837 560 964 627 tibi
1021 557 1450 645 persuadeb03
1512 557 1829 622 habemus
1886 555 2090 643 igitur
2153 559 2409 640 praeter
2465 552 3096 641 Carthaginiensium

584 668 1047 752 imperatorem
1112 670 1345 730 testem
1411 664 1765 729 ocularium
1827 663 2105 728 nullum:
2171 686 2333 747 quae
2394 662 2504 726 alii
2568 663 3000 746 tradiderunt,
3059 685 3097 725 a

584 799 735 841 vero
784 779 918 840 tam
962 774 1158 860 longe
1212 772 1546 855 recedunt,
1601 776 1675 835 ut
1731 771 2090 853 αὐτοπτικὴ
2138 773 2354 847 πίστις
2406 770 2476 834 in
2528 770 2633 835 his
2689 770 2945 836 admitti
2990 793 3096 834 ne-

586 887 796 967 queat.
870 881 1089 947 Tertio
1129 879 1402 964 denique
1440 878 1583 943 loco
1621 878 2031 964 monendum,
2073 881 2279 942 totam
2315 878 2482 942 hanc
2520 900 2699 942 oram
2735 877 3095 962 posteriore

585 994 795 1054 aetate
843 1011 1111 1076 magnas
1157 1009 1416 1072 passam
1463 1008 1601 1050 esse
1648 970 2124 1070 mutationes¹).
2217 983 2343 1049 Sed
2382 982 2675 1068 quamvis
2721 983 3096 1069 impeditior

586 1098 672 1162 sit
738 1101 803 1162 et
876 1096 957 1161 ad
1022 1093 1476 1179 explicandum
1542 1091 1866 1156 difficilior
1930 1091 2132 1156 altera
2195 1091 2538 1156 Hannonei
2611 1090 2862 1155 itineris
2927 1114 3096 1177 pars7

580 1203 998 1270 nihilosecius
1054 1224 1273 1287 spem,
1328 1223 1430 1264 me
1487 1199 1781 1264 minutiis
1837 1200 2033 1264 etiam
2080 1198 2575 1285 diligentissime
2624 1197 2985 1263 observatis
3031 1202 3096 1262 et

584 1311 951 1377 rationibus
996 1311 1168 1374 recte
1216 1307 1534 1373 conclusis
1580 1311 1787 1371 totam
1836 1306 2278 1391 quaestionem
2315 1328 2552 1393 magna
2597 1328 2744 1370 cum
2789 1304 3095 1389 probabi-

580 1419 766 1484 litate
814 1417 1178 1483 soluturum
1226 1439 1390 1501 esse,
1445 1414 1830 1499 praesertim
1876 1436 2023 1479 cum
2069 1437 2149 1479 ex
2196 1414 2389 1479 certis
2435 1412 2695 1478 initium
2741 1411 2955 1496 capiat
3001 1411 3093 1475 in·

581 1531 903 1591 certorum
968 1523 1400 1610 investigatio.
1485 1521 1888 1606 Quamquam
1951 1521 2019 1585 id
2080 1520 2384 1586 lubenter
2435 1519 2743 1585 Meltzero
2800 1518 2893 1607 (p.
2933 1516 3094 1606 229)

581 1632 886 1718 conced0‚
940 1654 1072 1696 non
1120 1632 1238 1695 abs
1284 1653 1352 1695 re
1398 1610 1569 1713 fore,ae
1625 1628 1678 1693 si
1725 1628 1827 1693 vir
1880 1628 2107 1693 doctus
2155 1628 2416 1713 quidam
2472 1633 2537 1693 et
2583 1625 2980 1713 philologiae
3030 1630 3095 1690 et

579 1739 1017 1827 geographiae
1065 1738 1315 1823 peritus
1362 1735 1814 1801 meridionales
1860 1736 1977 1801 has
2023 1735 2321 1823 regiones
2368 1735 2571 1800 adeat.

759 1846 885 1912 Sed
922 1845 1052 1909 iam
1086 1845 1283 1909 finem
1319 1843 1630 1908 faciamus
1667 1842 2002 1927 praefandi
2041 1847 2106 1907 et
2142 1843 2212 1907 in
2247 1842 2491 1907 medias
2519 1865 2621 1907 res
2659 1843 3090 1908 transeamus!

580 1953 1009 2019 Continuatur
1064 1951 1157 2016 ita
1201 1950 1541 2016 Hannonis
1596 1949 1982 2036 periegesis:
2047 1943 2347 2015 Ἐκεῖθεν
2395 1945 2471 2014 δὲ
2526 1946 2632 2014 ἐπὶ
2678 1953 3093 2037 μεσημβρίαν

579 2062 988 2147 ἐπλεύσαμεν
1055 2061 1314 2125 δώδεκα
1376 2054 1653 2145 ἡμέρας,
1718 2059 1842 2142 τὴν
1906 2065 2033 2141 γῆν
2096 2058 2655 2143 παραλεγόμενοι,
2724 2057 2809 2141 ἣν
2871 2066 3092 2123 πᾶσαν

576 2166 924 2258 κατςόκουν
961 2169 1288 2243 Αἰθίοπες
1333 2166 1697 2250 φεύγοντες
1741 2164 1912 2250 ἡμᾶς
1957 2163 2068 2230 καὶ
2115 2163 2237 2248 οὐχ
2283 2162 2755 2249 ὑπομένοντες·
2803 2163 3089 2229 ἀσύνετα

578 2275 637 2343 δ’
695 2275 1111 2363 ἐφθέγγοντο
1157 2271 1270 2340 καὶ
1315 2285 1456 2350 τοῖς
1501 2269 1653 2358 μεθ’
1697 2272 1887 2356 ἡμῶν
1925 2271 2239 2350 Λιξίταις.
2331 2275 2424 2356 Τῇ
2473 2267 2532 2336 δ’
2581 2266 2705 2337 οὖν
2749 2274 3092 2359 τελευταίᾳ

576 2382 788 2472 ἡμέρα
845 2383 1458 2470 προσωρμίσθημεν
1523 2382 1707 2463 ὄρεσι
1765 2378 2074 2463 μεγάλοις
2135 2376 2426 2443 δασέσιν.
2506 2369 2635 2444 ῗΗν
2692 2375 2766 2444 δὲ
2818 2379 2900 2442 τὰ
2953 2388 3089 2443 τῶν

579 2489 884 2576 δένδρων
950 2487 1113 2567 ξύλα
1168 2487 1387 2570 εὐώδη
1441 2509 1513 2552 τε
1567 2484 1678 2551 καὶ
1733 2489 2017 2552 ποικίλα.
2111 2486 2688 2571 Περιπλεύσαντες
2752 2481 2825 2550 δὲ
2883 2494 3089 2550 ταῦτα

578 2594 827 2683 ἡμέρας
891 2595 1015 2661 δύο
1081 2593 1444 2678 ἐγινόμεθα
1509 2592 1582 2658 ἐν
1646 2593 1980 2677 θαλάττης
2042 2593 2324 2678 χάσματι
2389 2592 2765 2683 ἀμετρήτῳ,
2838 2587 2917 2675 ἧς
2982 2589 3088 2657 ἐπὶ

575 2704 828 2790 θάτερα
865 2703 1030 2786 πρὸς
1065 2710 1145 2788 τῇ
1191 2709 1275 2786 γῇ
1321 2701 1557 2764 πεδίον
1600 2693 1706 2783 ἦν.
1774 2696 1982 2765 Ὅθεν
2016 2701 2258 2777 νυκτὸς
2295 2698 2703 2786 άφεωρῶμεν
2748 2708 2882 2786 πῦρ
2930 2698 3107 2765 ἀνα-“

577 2811 955 2895 φερόμενον
1018 2808 1441 2892 πανταχόθεν
1504 2804 1648 2872 κατ’
1724 2806 2149 2892 ἀποστάσεις,
2222 2808 2296 2873 τὸ
2363 2804 2485 2893 μὲν
2549 2804 2782 2890 πλέον,
2857 2808 2931 2872 τὸ
3008 2804 3079 2884 δ’λ

574 2921 866 2983 ἔλαττον.
975 2910 1488 3002 ’Τδρευσάμενοι
1573 2910 1633 2978 δ’
1718 2912 1981 2979 ἐκεῖθεν
2054 2911 2372 2998 ἐπλέομεν
2447 2914 2541 2989 εἰς
2613 2912 3086 2999 τοῦμπροσθεν

573 3021 822 3109 ἡμέρας
856 3021 1051 3088 πέντε
1089 3023 1266 3102 παρὰ
1292 3028 1451 3104 γῆν,
1491 3022 1642 3106 ἄχρι
1678 3022 1980 3106 ἤλθομεν
2020 3023 2115 3098 εἰς
2151 3019 2360 3106 μέγαν
2398 3022 2669 3103 κόλπον,
2708 3018 2788 3086 ὃν
2826 3022 3086 3105 ἔφασαν

576 3131 647 3196 οἰ
700 3127 1011 3216 ἑρμηνέες
1064 3132 1418 3194 καλεῖσθαι
1465 3124 1792 3212 Ἑσπέρου
1838 3126 2077 3215 Κέρας.
2160 3126 2275 3193 Ἐν
2332 3124 2406 3193 δὲ
2469 3129 2684 3217 τούτῳ
2739 3136 2945 3212 νῆσος
2997 3122 3085 3212 ἦν

574 3239 824 3322 μεγάλη
889 3234 1001 3302 καὶ
1056 3234 1130 3300 ἐν
1183 3242 1262 3318 τῇ
1318 3238 1502 3324 νήσῳ
1565 3239 1763 3321 λίμνη
1817 3235 2297 3320 θαλασσώδης,
2364 3234 2437 3301 ἐν
2495 3231 2568 3300 δὲ
2622 3235 2827 3320 ταύτῃ
2881 3243 3086 3318 νῆσος

576 3342 786 3428 ἑτέρα,
833 3345 928 3421 εἰς
962 3342 1048 3426 ἣν
1086 3340 1454 3424 ἀποβάντες
1489 3338 1735 3427 ἡμέρας
1773 3337 1894 3426 μὲν
1935 3339 2139 3407 οὐδὲν
2176 3341 2583 3428 ἀφεωρῶμεν
2620 3342 2721 3406 ὅτι
2759 3343 2846 3427 μὴ
2888 3341 3081 3427 ὕλην,

574 3452 816 3527 νυκτὸς
863 3445 936 3514 δὲ
992 3449 1173 3535 πυρά
1226 3471 1295 3514 τε
1349 3449 1562 3514 πολλὰ
1625 3450 1945 3534 καιόμενα
1999 3448 2109 3514 καὶ
2165 3450 2403 3534 φωνὴν
2470 3449 2696 3514 αὐλῶν
2749 3449 3083 3534 ἠκούομεν

571 3557 931 3642 κυμβάλων
976 3579 1045 3620 τε
1091 3552 1202 3620 καὶ
1247 3556 1611 3640 τυμπάνων
1656 3556 1957 3640 πάταγον
2003 3553 2115 3621 καὶ
2159 3557 2461 3643 κραυγὴν
2507 3556 2772 3641 μυρίαν.
2862 3559 3085 3641 Φόβος

577 3661 700 3731 οὗν
747 3666 984 3746 ἔλαβεν
1028 3661 1198 3747 ἡμᾶς
1241 3661 1352 3727 καὶ
1400 3662 1473 3728 οἰ
1513 3663 1783 3747 μάντεις
1830 3660 2139 3728 ἐκέλευον
2186 3663 2513 3730 ἐκλείπειν
2556 3650 2681 3748 τὴν
2728 3671 2956 3746 νῆσον.

752 3769 1123 3854 Antequam
1189 3792 1350 3854 quae
1425 3768 1587 3833 mihi
1660 3768 1789 3852 ipsi
1856 3768 2181 3856 placeant,
2254 3771 2621 3855 explanem,
2695 3769 2816 3833 sub
2885 3791 3085 3833 unum

577 3881 911 3962 aspectum
957 3876 1274 3941 subiciam
1323 3899 1482 3961 quas
1529 3877 1736 3940 adhuc
1783 3876 2196 3961 protulerunt
2248 3901 2340 3942 vv.
2389 3877 2488 3941 dd.
2537 3876 2917 3962 sententiaS‚
2973 3877 3085 3941 sed

574 3986 667 4049 ita
676 4037 694 4070 ,
766 3988 839 4049 ut
912 4006 1193 4049 summas
1267 3988 1523 4048 tantum
1596 3983 1917 4068 attingam
1979 4007 2098 4048 res,
2203 3983 2505 4068 Plerique
2580 3987 2832 4047 montes
2906 3983 3085 4048 silvis

574 4092 858 4156 virentes
928 4091 1387 4156 intellexerunt
1459 4091 1844 4155 hodiernum
1917 4091 2050 4174 Cap
2134 4092 2354 4177 Vade,
2428 4091 2795 4177 ἀμέτρητον
2867 4092 3086 4176 χάσμα

572 4199 907 4283 θαλάττης
981 4199 1285 4264 Gambc‘ae
1364 4197 1650 4263 fluminis
1734 4197 1972 4262 ostium
1990 4249 2008 4282 ,
2090 4197 2482 4283 Hesperium
2560 4197 3085 4282 promunturium

574 4328 768 4371 unam
859 4328 893 4369 e
985 4305 1292 4371 sescentis
1374 4307 1675 4388 Bissayos
1765 4303 1994 4369 insulis
2013 4357 2030 4391 ‚
2123 4327 2284 4389 quae
2365 4309 2633 4372 vocatur
2713 4304 2925 4371 insula
3007 4307 3082 4371 de

756 4559 806 4621 1)
845 4555 911 4611 cf.
944 4555 1149 4624 Unger,
1186 4554 1296 4608 Die
1335 4553 1663 4608 versunkene
1700 4553 1857 4608 Insel
1883 4553 2133 4610 Atlantis
2163 4558 2327 4621 186ος
2368 4554 2613 4622 Doelter‚
2662 4542 2807 4609 Uber
2842 4556 2932 4611 die
2962 4556 3082 4627 Cap

585 4644 795 4700 Verden
832 4660 954 4700 zum
990 4644 1101 4698 Rio
1140 4644 1367 4698 Grande
1407 4647 1544 4697 1884
1579 4661 1633 4713 p.
1666 4649 1732 4697 43
1756 4660 1899 4713 sqq.;
1941 4645 2123 4699 Bauer
2160 4661 2249 4714 ap.
2281 4643 2465 4700 Doelt.
2502 4662 2557 4715 p.
2588 4650 2656 4699 47
2678 4660 2758 4713 sq.
