3467 5334
1580 1504 1953 1600 Caput
2016 1503 2127 1578 Π.

767 1699 1042 1785 Promisi
1100 1699 1168 1763 in
1213 1699 1547 1783 prooemio
1556 1750 1573 1784 ‚
1630 1722 1732 1762 me
1782 1699 1858 1763 de
1905 1697 2242 1763 Hannonis
2290 1698 2424 1763 vita
2471 1702 2536 1762 et
2583 1702 2794 1762 aetate
2843 1697 3107 1783 inquisi-

591 1811 810 1872 turum
858 1830 1027 1871 esse:
1072 1807 1267 1870 fidem
1312 1806 1515 1871 altero
1562 1806 1685 1871 hoc
1733 1806 1945 1890 capite
1994 1806 2374 1890 persolvam.

769 1913 943 1990 Quae
1000 1914 1079 1976 ad
1134 1912 1417 1977 medium
1474 1936 1676 1999 usque
1722 1918 2020 1979 nostrum
2067 1914 2393 1979 saeculum
2441 1914 2517 1978 de
2563 1913 2685 1978 hac
2732 1912 3109 1997 quaestione

586 2021 1048 2105 praestiterant
1084 2019 1206 2084 viri
1253 2019 1444 2105 docti,
1491 2020 1756 2107 collegit
1804 2025 1869 2084 et
1916 2020 2290 2085 diiudicavit
2328 2020 2602 2085 Mueller
2618 2017 2686 2107 l).
2759 2018 2851 2084 At
2896 2041 3106 2102 neque

590 2128 856 2213 plenum
939 2127 1304 2211 composuit
1388 2127 1967 2192 diversissimarum
2049 2128 2515 2193 sententiarum
2590 2131 2655 2191 et
2728 2127 3108 2212 opinionum

591 2232 1094 2321 conspectum2),
1137 2257 1346 2318 neque
1396 2257 1559 2319 quae
1605 2236 1747 2319 ipse
1795 2235 2025 2300 statuit
2071 2236 2375 2301 omnibus
2414 2235 2744 2320 probavit3
2790 2236 2989 2298 immo
3028 2234 3109 2297 ad

589 2345 763 2409 hunc
836 2365 1039 2427 usque
1105 2342 1274 2406 diem
1348 2341 1657 2407 acerrima
1720 2343 1803 2407 lis
1886 2347 1985 2407 est
2058 2343 2312 2427 quando
2377 2341 2716 2407 Hannonis
2781 2340 3108 2426 expeditio

593 2454 892 2534 suscepta
939 2449 1041 2513 sit.
1133 2448 1226 2513 Ut
1273 2449 1559 2513 breviter
1606 2450 1999 2533 complectar
2045 2472 2209 2534 quae
2258 2472 2336 2514 ex
2384 2472 2458 2514 eo
2507 2472 2702 2534 anno,
2751 2472 2878 2534 quo
2926 2449 3110 2533 prius

592 2556 1118 2644 geographorum
1157 2554 1551 2621 Graecorum
1598 2556 1902 2622 volumen
1947 2556 2210 2642 prodiit,
2255 2555 2362 2621 hic
2398 2555 2533 2620 illic
2572 2556 2903 2640 disputata
2940 2558 3111 2639 sunt,
3145 2637 3150 2645 ι

592 2664 905 2729 Vivienus
962 2664 1038 2727 de
1086 2662 1175 2727 St.
1222 2662 1464 2727 Martin
1476 2661 1529 2750 3)
1582 2663 1661 2727 ad
1708 2686 1948 2728 annum
1994 2664 2128 2728 fere
2177 2665 2309 2729 570
2355 2662 2695 2728 Hannonis
2740 2664 2865 2727 iter
2910 2666 3111 2728 rettu-

591 2771 696 2856 lit3
750 2772 944 2857 longe
998 2770 1267 2855 plurimi
1323 2774 1540 2835 autem
1586 2771 1948 2858 geographi
1995 2775 2061 2835 et
2106 2770 2428 2857 philologi
2475 2771 2543 2835 in
2590 2772 2716 2836 duo
2765 2771 3111 2834 discessere

593 2883 826 2943 castra:
881 2878 1180 2942 videlicet
1236 2900 1315 2941 ex
1369 2877 1573 2941 altera
1617 2883 1803 2962 parte
1852 2877 2151 2943 Osannus
2197 2876 2267 2965 (l.
2305 2877 2345 2942 l.
2394 2902 2456 2962 p.
2496 2875 2674 2964 537),
2719 2876 3111 2941 Brandesius

593 2985 662 3074 (l.
700 2987 741 3050 l.
780 3010 843 3071 p.
882 2984 1018 3072 55),
1055 2984 1436 3050 Knoetelius
1472 2983 1543 3071 (l.
1580 2984 1621 3048 l.
1660 3008 1724 3068 p.
1767 2983 1899 3071 15),
1936 2985 2207 3050 Entzius
2245 2984 2315 3073 (l.
2353 2984 2395 3049 l.
2433 3009 2496 3069 p.
2539 2981 2607 3071 1)
2646 2985 2873 3049 ducem
2910 2984 3110 3048 fuisse

591 3092 1027 3179 navigationis
1091 3094 1353 3156 censent
1399 3090 1788 3156 Hannonem
1834 3093 2172 3178 maiorem,
2230 3092 2367 3156 eius
2413 3091 2802 3157 Hamilcaris
2856 3094 3110 3176 patrem
3150 3128 3155 3137 ·

575 3201 705 3287 *qui
751 3222 804 3264 a.
843 3202 975 3266 480
1021 3199 1089 3264 in
1136 3222 1359 3286 pugna
1394 3198 1763 3264 Himerensi
1809 3221 1930 3284 pro
1978 3198 2192 3284 patria
2237 3203 2532 3264 mortuus
2579 3203 2677 3264 est
2724 3198 2832 3289 (cf.
2871 3197 3108 3262 Herod.

591 3306 717 3372 VH
766 3305 950 3392 165),
1010 3306 1104 3370 ita
1157 3310 1231 3370 ut
1287 3306 1459 3370 intra
1507 3329 1708 3371 annos
1767 3330 1806 3370 a
1861 3310 1993 3373 510
2051 3307 2132 3371 ad
2186 3309 2319 3373 490
2374 3329 2577 3391 usque
2632 3305 3111 3390 praeterlapsos

591 3414 705 3478 illa
760 3414 1062 3478 instituta
1117 3437 1254 3479 esse
1310 3414 1629 3498 videatur,
1686 3437 1833 3479 cum
1889 3414 2000 3499 qui
2047 3414 2131 3478 ab
2181 3413 2384 3479 altera
2428 3417 2613 3498 parte
2662 3417 2836 3477 stant
2881 3412 3113 3478 Arnol-

594 3521 711 3585 dus
751 3519 1137 3608 Sabae-soff),
1181 3520 1555 3587 Peschelius
1593 3521 1662 3609 (l.
1702 3522 1742 3585 l.
1781 3544 1844 3604 p.
1883 3518 2020 3607 21),
2055 3520 2326 3586 Meltzer
2363 3520 2434 3609 (l.
2472 3521 2512 3585 l.
2550 3545 2613 3605 p.
2653 3518 2815 3607 238)
2852 3520 3113 3584 Hanno-

590 3649 740 3694 nem
785 3629 1120 3712 minorem,
1167 3629 1453 3694 eiusdem
1491 3628 1666 3693 illius
1702 3628 2091 3693 Hamilcaris
2127 3629 2336 3693 filium
2374 3628 2636 3693 colonos
2674 3628 2743 3691 in
2782 3628 3113 3693 occiduam

589 3717 868 3822 Libyam
924 3736 1262 3801 deduxisse
1309 3736 1711 3801 arbitrentur
1758 3733 1866 3822 (cf.
1915 3734 2139 3801 lustin.
2186 3736 2340 3801 XIX
2378 3739 2437 3820 2,
2473 3734 2564 3823 2).
2655 3735 2950 3820 Denique
2998 3735 3111 3820 qui

590 3844 938 3909 novissime
985 3843 1290 3909 omnibus
1336 3843 1735 3908 adversarius
1785 3843 2037 3907 exstitit
2073 3843 2300 3930 Unger
2311 3841 2366 3930 5)
2412 3866 2488 3908 eo
2536 3865 2737 3926 usque
2774 3842 3113 3927 processit,

593 3955 667 4014 nt
719 3951 938 4034 priore
995 3951 1211 4036 quarti
1266 3951 1502 4016 saeculi
1560 3950 1826 4015 dimidio
1873 3949 2259 4015 Hannonem
2307 3949 2697 4035 Carthagine
2745 3940 3111 4033 profectum

593 4081 732 4122 esse
779 4059 1157 4144 affirmaret,
1203 4057 1271 4122 id
1316 4058 1490 4143 quod
1535 4080 1760 4123 verum
1806 4080 1944 4122 esse
1990 4057 2313 4141 persuasit
2361 4056 2670 4122 Goebelio
2717 4057 2811 4145 (p.
2851 4055 2940 4144 8).

776 4291 829 4359 1)
856 4292 1064 4362 proley.
1101 4307 1155 4359 Ρ.
1185 4288 1357 4344 ΧΧΙΙ.
1396 4286 1578 4342 XXIlI
1617 4289 1745 4343 adn.
1775 4294 1826 4342 2.

776 4383 830 4449 2)
869 4378 939 4434 cf.
982 4379 1174 4434 Osann
1210 4379 1472 4434 Zeitschr.
1510 4380 1552 4445 f.
1591 4377 1992 4433 Alterthumsw.
2034 4382 2171 4434 1855
2213 4379 2307 4432 Nr.
2339 4384 2425 4435 68.
2483 4398 2536 4449 p.
2567 4385 2686 4434 538.

776 4471 828 4536 3)
867 4489 919 4539 p.
951 4475 1073 4525 331.
1149 4468 1218 4523 cf.
1255 4470 1382 4523 hist.
1420 4467 1486 4522 de
1523 4468 1580 4522 Ζα
1615 4469 1792 4539 ye'oyr.
1832 4484 1886 4536 p.
1917 4473 2003 4524 37.

775 4562 830 4629 4)
869 4559 1018 4613 Mus.
1053 4558 1228 4613 Rhen.
1266 4557 1370 4612 XV
1406 4575 1461 4627 p.
1492 4563 1612 4612 399.

775 4652 828 4716 5)
869 4648 1019 4703 Mus.
1048 4647 1222 4702 Rhen.
1254 4645 1542 4700 XXXVIII
1579 4667 1631 4717 p.
1667 4651 1792 4712 1823
1825 4648 1894 4702 cf.
1925 4647 2129 4703 Philol.
2160 4648 2341 4717 suppl.
2374 4647 2450 4701 IV
2478 4648 2663 4717 (1884)
2693 4666 2747 4718 p.
2783 4653 2899 4704 198.
