3467 5334
1287 376 1370 428 De
1406 374 1695 429 Hannonis
1731 373 1856 428 vita
1893 375 1952 428 et
1987 374 2193 429 aetate.
2909 375 2988 440 91

493 538 710 624 ginem
755 537 962 622 ipsam
1006 561 1139 602 non
1182 537 1345 601 vidit
1385 577 1486 623 —,
1533 536 1636 602 vel
1681 559 1849 602 anno
1896 538 2097 603 ferme
2143 538 2275 603 450
2319 536 2881 624 Carthaginienses
2921 538 2997 602 de

491 644 831 710 Hannonis
886 644 1293 729 expeditione
1349 645 1672 731 gloriatos
1717 668 1855 710 esse
1910 645 2325 711 manifestum
2379 647 2470 710 fit.
2559 645 2785 729 Itaque
2834 667 2997 728 quae

490 775 569 817 ex
605 751 709 816 his
752 752 806 817 si
844 758 1053 818 certos
1088 774 1391 817 numeros
1428 751 1793 836 quaerimus
1831 757 2146 837 constant,
2182 754 2342 818 haec
2381 757 2557 818 sunt:
2606 751 2995 839 Carthagine

492 860 819 944 profectus
875 865 973 925 est
1019 860 1251 925 Hanno
1307 863 1458 944 post
1514 881 1754 924 annum
1809 862 1967 945 466,
2022 860 2287 925 revertit
2343 860 2567 925 eodem
2623 865 2793 924 certe
2849 864 2997 924 ante

494 989 731 1032 annum
775 967 925 1033 450.
2025 1050 2043 1059 -

668 1074 821 1141 Non
893 1080 990 1139 est
1052 1098 1204 1140 vero
1275 1074 1539 1160 quinam
1603 1075 2036 1160 expeditionis
2101 1076 2231 1158 dux
2294 1074 2491 1139 fuerit
2554 1097 2790 1159 anceps
2855 1097 2998 1139 0011-

492 1182 751 1247 iectura.
869 1182 1203 1247 Traditum
1292 1182 1599 1247 nimirum
1688 1187 1788 1247 est
1879 1183 2053 1267 apud
2133 1182 2418 1248 Plinium
2499 1181 2593 1270 (H
2666 1179 3000 1267 67,169)

493 1289 876 1354 Hannonem
940 1289 1163 1357 eodem
1227 1294 1519 1374 tempore
1579 1313 1617 1354 a
1672 1289 1963 1355 Gadibus
2018 1290 2098 1354 ad
2150 1292 2346 1356 finem
2399 1289 2679 1356 Arabiae
2736 1289 3000 1355 circum-

493 1400 749 1462 vectum
814 1420 950 1462 esse
969 1448 987 1482 ,
1053 1419 1179 1482 quo
1244 1396 1526 1462 Himilco
1590 1398 1716 1461 ad
1736 1402 1956 1462 extera
2019 1397 2321 1482 Europae
2384 1399 2705 1464 noscenda
2767 1396 3002 1461 missus

494 1503 743 1569 Iberiae
782 1502 1153 1589 Galliaeque
1201 1527 1344 1570 oras
1390 1505 2030 1591 praeternavigasset.
2111 1505 2243 1570 Vix
2291 1509 2507 1570 autem
2546 1506 2888 1590 quisquam
2926 1526 3001 1568 eo

496 1611 870 1696 adducetur,
924 1615 997 1676 ut
1054 1612 1295 1696 credat,
1352 1616 1417 1677 et
1472 1612 1859 1677 Hannonem
1905 1616 1971 1677 et
2020 1612 2456 1678 Himilconem
2500 1612 2699 1677 fuisse
2746 1612 3008 1697 ignotos

496 1718 805 1802 quosdam
846 1718 1036 1803 viros,
1084 1740 1351 1803 quoram
1388 1719 1767 1784 memoriam
1803 1718 2077 1785 historia
2110 1742 2243 1785 non
2281 1719 2569 1804 servarit,
2617 1739 3007 1804 quamquam

493 1817 718 1912 Unger
755 1825 847 1913 (p.
890 1823 1066 1912 182),
1103 1824 1450 1891 Goebelius
1489 1824 1580 1913 (p
1620 1824 1709 1914 9),
1757 1826 1869 1890 alii
1916 1828 1998 1891 ab
2036 1828 2158 1892 hac
2197 1827 2498 1912 opinione
2533 1850 2667 1893 non
2704 1826 3007 1891 abhorru-

498 1937 709 1998 erunt:
760 1937 1000 2019 quanta
1035 1934 1298 1998 levitate
1338 1938 1704 2020 quantaque
1745 1935 2026 2000 stultitia
2065 1934 2629 2021 Carthaginienses
2666 1933 3013 2019 praeditOS,

406 2122 411 2127 .
500 2044 898 2126 quantopere
945 2045 1313 2106 occaecatos
1357 2046 1573 2106 mente
1619 2042 1689 2106 hi
1734 2041 1857 2106 viri
1906 2042 2076 2106 docti
2124 2041 2253 2106 sibi
2289 2042 2564 2128 fingunt,
2611 2041 2723 2126 qui
2760 2041 2828 2106 id
2869 2063 3011 2105 con-

499 2149 757 2214 tendere
822 2148 1108 2214 animum
1182 2149 1492 2214 inducunt
1557 2171 1667 2215 eos
1727 2148 1944 2214 nescio
2011 2148 2113 2212 cui
2177 2148 2424 2213 homini
2488 2148 2761 2235 triginta
2832 2147 3013 2212 milia

382 2286 386 2295 ·
502 2257 875 2321 colonorum
941 2256 1360 2321 commisisse!
1461 2256 1784 2341 Equidem
1843 2256 1909 2320 id
1963 2260 2294 2340 tamquam
2352 2257 2761 2340 exploratum
2818 2278 3014 2340 pon0,

497 2386 629 2428 non
673 2363 963 2448 potuisse
998 2363 1125 2428 nisi
1162 2364 1373 2429 virum
1412 2367 1477 2428 et
1514 2363 1607 2429 rei
1645 2363 1948 2448 publicae
1985 2364 2302 2451 gerendae
2341 2363 3010 2447 administrandaeque

500 2470 784 2554 peritum
846 2475 910 2536 et
974 2471 1214 2536 virtute
1277 2472 1546 2537 militari
1604 2476 1970 2557 spectatum
2027 2473 2249 2537 ducem
2305 2476 2525 2537 tantae
2582 2471 3013 2556 expeditionis

501 2578 726 2642 creari!
827 2578 972 2644 Huc
1035 2583 1286 2663 spectat
1352 2580 1574 2664 etiam,
1640 2581 1813 2665 quod
1868 2581 2102 2645 Hanno
2168 2580 2236 2644 in
2299 2580 2506 2664 ipsius
2569 2580 2747 2645 tituli
2803 2579 3014 2664 prima

500 2686 905 2773 paragrapho
972 2686 1150 2751 audit
1215 2687 1552 2770 βασιλεύς,
1618 2708 1746 2770 quo
1811 2686 2071 2751 nomine
2145 2685 2317 2750 idem
2383 2685 2743 2772 significare
2807 2685 3014 2750 voluit

501 2792 612 2877 qui
665 2792 980 2858 Punicum
1035 2792 1363 2878 periplum
1419 2791 1660 2859 Graeco
1717 2792 1996 2858 reddidit
2061 2814 2353 2858 sermone
2423 2796 2617 2878 atque
2683 2791 3015 2878 Carthagi-

500 2900 753 2964 nienses
817 2900 1044 2966 sufetis
1107 2923 1261 2965 voce
1280 2898 1344 2987 ¹).
1447 2899 1573 2965 Sed
1635 2904 1708 2965 ut
1775 2905 2113 2985 appareat,
2178 2921 2451 2984 quorsus
2511 2899 2734 2964 tendat
2789 2899 3057 2984 orati0,>

502 3008 907 3072 advertamur
943 3007 1024 3070 ad
1058 3006 1398 3092 Iustinum,
1445 3007 1556 3091 qui
1592 3005 1746 3072 XIX
1782 3010 1842 3093 2,
1884 3010 1917 3073 1
1959 3007 2051 3071 ita
2093 3007 2410 3092 loquitur:
2458 3007 2735 3072 ‘interea
2770 3006 3016 3071 Hamil-

502 3136 608 3178 car
620 3111 675 3200 2)
740 3114 913 3178 bello
971 3113 1290 3179 Siciliensi
1354 3114 1742 3179 interficitur
1805 3115 2047 3180 relictis
2111 3115 2324 3181 tribus
2386 3115 2567 3200 filiis,
2630 3113 3016 3198 Himilcone,

502 3221 843 3307 Hannone,
899 3220 1197 3308 Gisgone.
1290 3221 1641 3287 Asdrubali
1698 3245 1957 3307 quoque
2012 3246 2131 3308 par
2186 3246 2493 3288 numerus
2542 3221 2824 3288 filiorum
2869 3222 3014 3308 fuit,

681 3474 735 3538 1)
766 3469 835 3524 cf.
866 3470 1073 3526 Herod.
1109 3470 1208 3526 VII
1239 3476 1358 3527 165.
1422 3470 1622 3541 Polyb.
1653 3469 1731 3525 VI
1762 3477 1848 3540 51,
1878 3476 1927 3526 2.
1992 3471 2258 3542 Polyaen.
2290 3472 2315 3525 I
2344 3477 2429 3540 27,
2460 3479 2508 3526 2.
2579 3470 2743 3526 Diod.
2776 3470 2900 3525 XIII
2930 3477 3020 3527 43.

502 3558 631 3613 XIV
669 3563 752 3613 54.
809 3558 912 3613 XV
952 3565 1035 3615 15.
1128 3559 1311 3615 Reddi
1367 3560 1515 3615 solet
1557 3559 1804 3615 Punicus
1860 3560 1959 3616 ille
2008 3561 2279 3615 terminus
2344 3560 2515 3616 etiam
2573 3561 2787 3616 Graeco
2842 3563 3015 3618 verbo

501 3648 827 3718 πρωτεύων
867 3647 935 3705 01.
985 3648 1215 3705 Aristot.
1264 3649 1386 3704 Pol.
1423 3649 1476 3702 II
1518 3654 1598 3704 11.
1686 3652 1849 3720 Apud
1886 3650 2120 3707 Latinos
2159 3649 2419 3705 dicuntur
2471 3651 2677 3719 ‘reges'
2730 3650 2819 3705 vel
2860 3652 3013 3706 ‘con-

506 3739 676 3792 sules'
724 3737 1039 3793 Poenorum
1088 3739 1321 3793 sufetes:
1367 3738 1437 3795 cf.
1484 3737 1605 3794 Liv.
1654 3738 1808 3793 XXX
1839 3746 1894 3808 7,
1938 3744 1985 3793 5.
2054 3742 2199 3796 Fest.
2250 3758 2294 3796 s.
2343 3758 2394 3794 v.
2432 3759 2484 3809 p.
2516 3738 2668 3807 309¹),
2707 3746 2791 3795 29.
2858 3738 3013 3796 Oros.

510 3828 583 3882 IV
618 3835 700 3882 11.
778 3829 968 3897 Nepos
1004 3827 1183 3881 Hann.
1223 3827 1403 3883 V114.
1480 3828 1674 3883 lustin.
1715 3828 1897 3883 XXXI
1927 3837 1976 3898 2,
2007 3835 2055 3883 6.
2133 3828 2194 3882 Si
2228 3846 2362 3885 vero
2402 3828 2672 3883 exercitui
2717 3828 2809 3884 vel
2850 3830 3019 3885 classi

505 3920 776 3988 praesunt
829 3918 979 3971 haud
1036 3933 1161 3972 raro
1217 3917 1573 3987 appellantur
1620 3915 1890 3988 ἡγεμόνες
1937 3935 1971 3971 a
2008 3916 2232 3973 Graecis
2278 3919 2370 3973 vel
2417 3916 2715 3989 στρατηγοί
2762 3919 2854 3987 (01.
2894 3918 3018 3975 Ael.

506 4007 676 4063 Arist.
700 4008 872 4062 11475
891 4007 957 4064 D.
1013 4007 1175 4063 Diod.
1207 4007 1311 4062 XX
1337 4009 1447 4077 29),
1478 4023 1513 4061 a
1540 4005 1756 4060 Latinis
1789 4007 2004 4062 ‘duces’
2043 4009 2132 4061 vel
2164 4007 2577 4080 ‘imperatores’
2612 4009 2702 4080 (cf.
2731 4008 2873 4064 Plin.
2897 4009 2946 4062 V
2969 4016 3017 4065 8.

510 4098 620 4154 Sol.
649 4116 702 4167 p.
733 4103 838 4152 230
860 4099 982 4168 M.):
1030 4113 1130 4167 per
1159 4113 1219 4151 se
1257 4096 1406 4151 enim
1443 4112 1601 4167 reges
1631 4099 1691 4151 et
1728 4096 1900 4152 duces
1939 4096 2369 4167 distinguendos
2408 4114 2527 4154 esse
2566 4097 2791 4152 disertis
2828 4097 3015 4152 verbis

506 4186 749 4241 testatur
794 4185 1129 4239 Aristoteles
1176 4184 1295 4241 Pol.
1333 4185 1385 4238 H
1415 4191 1447 4240 8
1496 4191 1526 4251 ξ
1556 4191 1605 4241 5.
1645 4192 1677 4241 6
1722 4185 1814 4257 (01.
1861 4185 2072 4257 Kluge,
2124 4189 2189 4243 de
2225 4189 2432 4258 politia
2481 4187 3018 4255 Carthayiniensium

506 4291 560 4344 p.
592 4280 660 4329 90
681 4277 809 4345 sq.);
859 4275 956 4329 sed
996 4273 1323 4344 saepissime
1351 4274 1645 4331 <accidisse
1701 4278 1767 4329 ut
1801 4276 1953 4331 idem
1991 4275 2076 4331 vir
2127 4279 2367 4346 utroque
2414 4276 2744 4346 fungeretur
2791 4292 3020 4331 munere

507 4362 718 4418 ibidem
755 4362 964 4434 legitur
1002 4363 1091 4435 (cf.
1131 4362 1184 4415 H
1211 4367 1245 4417 8
1283 4369 1313 4429 ξ
1342 4367 1411 4433 9).

689 4456 745 4524 2)
782 4453 849 4507 cf.
887 4453 1093 4508 Herod.
1122 4451 1228 4505 VII
1260 4458 1379 4508 165.
1444 4453 1604 4508 Diod.
1647 4453 1724 4507 XI
1757 4461 1847 4523 2ος
1903 4455 2052 4524 quod
2098 4456 2645 4525 Carthaginiensium
2693 4454 2806 4508 dux
2868 4454 3020 4525 apud

508 4540 853 4611 Polyaenum
891 4543 938 4612 (I
966 4547 1051 4609 20,
1082 4544 1138 4612 2)
1178 4541 1340 4597 audit
1364 4540 1626 4609 Himilco,
1667 4544 1824 4598 ortus
1853 4560 1975 4598 esse
2008 4545 2229 4600 videtur
2254 4545 2348 4599 hic
2387 4560 2539 4599 error
2567 4561 2634 4599 ex
2665 4561 2732 4598 ea
2767 4560 2828 4598 re
2865 4544 3015 4612 quod

511 4632 691 4685 altera
725 4630 879 4684 illius
916 4631 1157 4686 nominis
1193 4631 1378 4686 forma
1415 4634 1500 4685 est
1531 4628 1790 4702 Ἀμίλκων
1830 4633 1920 4704 (01.
1959 4633 2124 4691 Diod.
2157 4633 2235 4689 XI
2263 4636 2369 4702 20).
