3467 5334
439 4628 472 4677 ᾳ

635 383 720 446 86
1745 382 1929 451 Caput
1966 380 2031 435 ΙΙ.

625 545 919 611 anterior
964 545 1090 610 fuit
1131 569 1208 611 eo
1248 545 1358 630 qui
1395 543 1724 629 praecedit
1763 566 1951 629 anno,
1999 543 2149 628 quia
2187 542 2402 627 Cypro
2442 566 2494 607 a.
2533 545 2664 609 466
2704 544 2773 608 111
2808 543 3152 608 Persarum

637 654 963 718 ditionem
1012 653 1269 717 redacta
1282 650 1333 738 1)
1398 652 1779 716 brevissimo
1844 651 1973 715 iam
2037 655 2330 736 tempore
2397 654 2549 735 post
2613 651 2683 715 in
2736 651 3152 735 Phoenicum,

638 759 930 844 Cilicum,
979 758 1363 844 Cypriorum
1410 759 1735 845 portubus
1779 780 1974 822 naves
2018 762 2277 824 ornatas
2315 759 2677 842 classesque
2715 762 2976 842 paratas
3015 781 3153 823 esse

638 872 739 931 sat
792 867 982 931 multi
1038 890 1254 931 rerum
1310 867 1702 951 scriptorum
1757 865 1883 930 loci
1940 869 2265 930 testantur
2278 863 2347 952 2).
2439 864 2666 949 Itaque
2723 865 2792 929 in
2848 865 3156 952 exiguum

637 974 800 1038 illud
855 973 1138 1058 spatium
1196 975 1369 1059 quod
1415 979 1514 1039 est
1559 974 1731 1038 inter
1777 995 1979 1037 annos
2025 975 2157 1040 470
2204 976 2269 1037 et
2315 974 2447 1038 466
2487 971 2778 1056 Sataspis
2822 972 3155 1058 navigatio

639 1080 1037 1145 interciderit
1082 1103 1342 1145 necesse
1390 1085 1503 1145 est.

816 1186 1008 1252 Nunc
1063 1192 1279 1252 autem
1336 1187 1579 1274 accipe,
1636 1187 1740 1252 cui
1795 1186 1942 1252 usui
1986 1187 2145 1250 haec
2190 1190 2324 1250 tam
2373 1209 2646 1270 operosa
2695 1187 3157 1252 demonstratio

587 1284 588 1287 ¹
639 1294 941 1358 instituta
1014 1295 1134 1360 sit:
1210 1295 1625 1379 consequitur
1697 1295 1865 1379 inde,
1929 1294 2315 1358 Hannonem
2380 1297 2528 1357 ante
2595 1317 2835 1358 annum
2897 1297 3028 1360 466
3093 1294 3165 1358 in

642 1401 1033 1487 longinquas
1079 1402 1225 1466 illas
1272 1407 1478 1467 terras
1524 1402 1831 1466 emissum
1876 1424 2008 1466 non
2055 1424 2209 1465 esse.
2294 1399 2479 1476 Quod
2526 1400 2698 1464 enim
2733 1399 3046 1470 Vivienus
3086 1400 3164 1463 de

641 1508 730 1573 St.
778 1509 1022 1573 Martin
1069 1508 1140 1596 (l.
1178 1509 1217 1572 1.
1265 1533 1328 1593 p.
1368 1506 1529 1596 330)
1577 1509 1693 1574 ait:
1754 1509 1961 1572 ‘d’une
2016 1511 2183 1593 part,
2229 1506 2278 1571 il
2320 1530 2402 1571 ne
2449 1511 2662 1591 parait
2708 1529 2826 1592 pas
2873 1508 3161 1572 douteux

646 1638 769 1699 que
818 1619 985 1680 cette
1033 1617 1272 1703 longue
1319 1616 1696 1702 navigation
1743 1616 1819 1679 de
1871 1615 2174 1699 Sataspes
2222 1614 2313 1677 ait
2361 1614 2446 1677 du
2493 1619 2630 1679 6116
2678 1615 3080 1698 posterieure
3128 1618 3169 1678 a

640 1723 1062 1807 l’expedition
1101 1723 1499 1807 explorative
1532 1723 1608 1786 de
1648 1722 1920 1786 l'amiral
1951 1721 2421 1808 CarthaginoiS‚
2462 1721 2573 1805 qui
2607 1745 2686 1786 en
2729 1722 2900 1786 avait
2938 1726 3170 1787 ouvert

644 1831 708 1894 la
746 1827 1052 1916 route'3),
1100 1834 1326 1913 aperto
1375 1851 1587 1893 errore
1634 1832 1909 1893 tenetur.
2004 1828 2413 1894 Contrarium
2451 1852 2675 1893 verum
2715 1833 2840 1914 est3
2885 1851 3166 1913 namque

640 1937 830 2001 aliter
901 1959 1034 2001 non
1109 1936 1528 2020 perspicitur,
1603 1936 1715 2020 qui
1783 1936 2086 2020 Sataspes
2157 1935 2360 2000 Xerxi
2433 1936 2723 2020 potuerit
2796 1936 3170 2001 renuntiare

645 2066 807 2128 quae
859 2044 1176 2108 dicentem
1232 2043 1602 2109 Herodotus
1660 2066 1809 2108 eum
1865 2043 2126 2109 inducit.
2213 2042 2381 2119 Quid
2437 2042 2636 2127 enim,
2698 2043 2871 2128 quod
2917 2042 3172 2107 iuvenis

644 2151 754 2214 ille
815 2150 1035 2214 domui
1089 2150 1305 2237 regiae
1364 2150 1681 2216 affinitate
1738 2150 1995 2214 iunctus
2047 2149 2128 2215 ad
2173 2150 2624 2236 indigenarum
2669 2154 2926 2215 tantum
2971 2150 3171 2214 urbes

642 2281 709 2322 se
779 2257 1109 2341 appulisse
1174 2257 1473 2322 rettulit?
1574 2256 1998 2341 Repperisset
2063 2257 2355 2340 profecto
2433 2257 2487 2321 si
2562 2262 2715 2341 post
2782 2258 3170 2322 Hannonem

642 2363 1010 2449 navigasset
1087 2364 1372 2429 colonias
1439 2363 2070 2450 Carthaginiensium
2134 2364 2203 2427 in
2271 2363 2534 2428 occidua
2599 2365 2846 2450 Libyae
2913 2388 3026 2430 ora
3083 2365 3168 2428 ab

643 2470 959 2534 Hannone
1017 2471 1308 2536 conditas
1364 2471 1587 2554 ibique
1637 2471 1713 2534 de
1762 2470 1899 2534 eius
1949 2469 2358 2554 expeditione
2425 2470 2608 2535 cuius
2661 2494 2882 2536 recens
2939 2471 3173 2537 fuisset

646 2576 959 2641 memoria
1006 2583 1179 2643 certa
1227 2578 1539 2663 quaedam
1596 2578 2044 2663 comperisset3
2090 2600 2241 2641 nam
2285 2599 2420 2642 non
2457 2578 2695 2663 inepte,
2741 2579 2933 2644 modo
2974 2601 3172 2643 unam

646 2683 961 2770 adiungas
1008 2685 1400 2769 cautionem,
1455 2685 1770 2751 Vivienus
1825 2686 1894 2750 ‘il
1949 2684 2218 2750 semble'
2266 2684 2481 2769 inquit
2539 2683 2630 2773 (p.
2672 2684 2833 2773 330)
2882 2687 3065 2771 ‘que,
3114 2686 3170 2750 si

644 2792 740 2856 les
807 2792 972 2856 deux
1037 2815 1321 2879 voyages
1384 2793 1638 2858 avaient
1704 2795 1807 2858 616
1873 2817 1954 2858 611
2019 2794 2296 2878 quelque
2364 2798 2535 2857 sorte
2601 2794 2978 2858 simultanes
2997 2845 3014 2878 ,
3081 2817 3167 2859 on

644 2899 855 2963 aurait
894 2922 972 2964 eu
1010 2924 1130 2984 par
1165 2901 1225 2965 le
1266 2901 1500 2965 second
1539 2901 1816 2985 quelque
1854 2900 2083 2965 notion
2121 2900 2206 2964 du
2243 2899 2540 2984 premier,
2580 2900 2736 2965 dont
2772 2901 2832 2964 le
2869 2901 3172 2966 souvenir

648 3006 858 3070 aurait
913 3008 1015 3070 616
1073 3006 1129 3071 61
1183 3006 1451 3070 recent':
1509 3006 1813 3090 Sataspes
1871 3006 2099 3090 procul
2159 3006 2356 3071 dubio
2414 3006 2745 3072 incidisset
2802 3009 2872 3072 in
2917 3008 3172 3073 itineris

647 3111 991 3178 Hannonei
1034 3114 1310 3201 vestigia
1357 3113 1514 3178 satis
1560 3114 1928 3200 manifesta3
1977 3119 2201 3180 contra
2245 3114 2474 3199 nequit
2523 3115 2694 3180 idem
2741 3116 3049 3181 affirmari
3089 3118 3166 3181 de

647 3219 990 3305 Hannone3
1037 3243 1189 3284 nam
1226 3220 1516 3304 Sataspis
1563 3221 1892 3308 navigatio
1941 3221 2219 3308 vestigia
2265 3222 2527 3288 omnino
2575 3223 2925 3308 reliquerat
2971 3225 3168 3288 nulla.

647 3327 876 3391 Totius
931 3350 1081 3392 vero
1140 3328 1536 3413 quaestionis
1591 3332 1994 3392 momentum
2049 3328 2295 3393 faciunt
2352 3328 2559 3413 ipsius
2604 3330 2922 3396 Herodoti
2968 3332 3171 3396 verba

648 3436 820 3498 recte
878 3434 1228 3519 explicata:
1292 3435 1510 3521 agitur
1553 3434 1646 3501 IV
1683 3438 1771 3499 42
1833 3458 1907 3499 66
1963 3436 2040 3499 de
2099 3458 2168 3499 re
2235 3436 2532 3519 quisnam
2586 3437 2836 3521 primus
2890 3438 3171 3523 Libyam

650 3539 1087 3605 circumfluam
1125 3564 1261 3606 esse
1309 3542 1683 3628 cognoverit
1731 3547 1926 3627 atque
1973 3546 2448 3627 praemonetur,
2493 3543 2871 3609 Nechonem
2907 3544 3170 3632 Aegyp-

647 3652 890 3713 tiorum
940 3671 1160 3735 regem
1207 3649 1493 3713 emisisse
1539 3652 1770 3713 nautas
1809 3649 2166 3714 Phoenices
2212 3673 2246 3714 e
2294 3649 2441 3714 sinu
2481 3649 2766 3717 Arabico
2808 3652 2956 3718 dato
2994 3676 3172 3718 man-

652 3755 801 3820 dato
866 3759 939 3818 ut
1003 3778 1122 3839 per
1176 3757 1526 3821 Herculeas
1582 3756 1913 3822 columnas
1978 3757 2430 3843 renavigarent
2441 3754 2522 3844 4),
2590 3758 2736 3822 dein
2810 3765 3193 3845 sequuntur,

651 3861 880 3926 ultima
934 3862 1128 3927 huius
1182 3864 1415 3948 capitis
1474 3866 1673 3929 verba
1732 3866 1918 3929 haec:
1986 3867 2109 3930 δύο
2169 3863 2369 3930 ἐτέων
2425 3864 2909 3942 διεξελθόντων
2969 3872 3168 3957 τρίτῳ

655 3971 790 4032 ἔτει·
831 3971 1205 4052 κάμψαντες
1244 3968 1608 4063 “Ηρακλεάς
1654 3976 1897 4057 στήλας
1945 3972 2261 4037 ἀπίκοντο
2302 3971 2367 4047 ἐς
2404 3977 2751 4053 Αἴγυπτον
2788 3972 2898 4037 καὶ
2937 3977 3169 4058 ἔλεγον

656 4073 807 4159 ἐμοὶ
855 4072 977 4160 μὲν
1026 4076 1108 4141 οὐ
1153 4079 1371 4164 πιστά,
1416 4082 1593 4168 ἄλλῳ
1643 4076 1716 4145 δὲ
1766 4082 1849 4164 δή
1895 4103 2044 4166 τεῳ,
2091 4080 2180 4155 ὡς
2217 4079 2702 4164 περιπλώοντες
2739 4082 2861 4164 τὴν
2899 4084 3168 4166 Λιβύην

840 4272 888 4341 1)
927 4271 995 4326 cf.
1034 4272 1297 4327 Duncker
1334 4274 1370 4328 1.
1401 4273 1436 4330 1.
1477 4293 1530 4343 p.
1566 4278 1682 4328 197.

833 4363 889 4432 2)
927 4360 996 4415 cf.
1034 4361 1297 4416 Duncker
1333 4363 1369 4415 l.
1399 4361 1435 4417 1.
1474 4379 1530 4430 p.
1564 4367 1682 4416 197.
1759 4359 1958 4415 Busolt
1995 4359 2031 4414 l.
2064 4361 2098 4413 l.
2141 4378 2192 4429 p.
2223 4366 2344 4415 393.

835 4454 891 4520 3)
930 4450 998 4505 cf.
1038 4451 1272 4506 Meltzer
1307 4470 1358 4520 p.
1393 4455 1511 4505 506.

834 4541 888 4608 4)
925 4538 1084 4593 Hanc
1110 4537 1395 4593 Nechonis
1434 4538 1853 4609 expeditionem
1888 4555 2085 4595 revera
2120 4540 2431 4610 perfectam
2469 4558 2607 4610 esse,
2646 4542 2887 4612 probare
2926 4545 3160 4615 studuit,

655 4630 752 4681 sed
788 4643 899 4683 non
935 4627 1202 4696 probavit
1238 4627 1549 4683 Guilelmus
1587 4628 1842 4684 Mueller.
1916 4628 2186 4698 Equidem
2228 4630 2506 4685 assentior
2543 4632 2789 4701 Bergero
2818 4633 2843 4686 I
2869 4651 2924 4703 p.
2954 4639 3024 4688 35
3038 4652 3157 4704 sqq.
