3467 5334
570 378 654 444 70
1691 375 1875 445 Caput
1910 373 1951 428 I.

569 543 799 623 Reyrey
873 540 981 629 (cf.
1054 542 1257 607 Tissot
1327 563 1390 624 p.
1446 541 1596 605 231.
1699 539 1912 605 Vivien
1980 561 2043 622 p.
2100 534 2297 624 355);
2372 535 2544 622 quod
2615 558 2767 601 vero
2830 533 3083 599 Plinius

566 648 903 713 Sububam
970 646 1253 712 medium
1318 645 1507 730 ponit
1571 644 1742 710 inter
1804 643 2041 708 Lixum
2106 646 2171 707 et
2236 641 2451 728 Salat,
2518 664 2665 707 611111
2727 641 3084 708 Ptolemaei

565 760 758 822 notae
824 754 948 844 <IV
1002 758 1067 840 1,
1118 750 1190 840 2)
1264 752 1510 837 optime
1583 751 2018 836 respondeant
2109 750 2435 835 praesenti
2509 772 2725 816 rerum
2794 754 3082 836 naturae,

570 863 678 929 hic
717 885 895 928 error
939 860 1087 927 inde
1135 859 1542 925 deducendus
1587 858 1750 923 mihi
1796 858 2075 943 videtur,
2132 857 2305 943 quod
2353 856 2514 924 Sebtc
2561 856 2860 922 sinuosus
2906 857 3083 921 flexi·

572 971 697 1035 bus
751 972 1144 1055 pervagatur
1208 989 1501 1053 campos,
1563 966 1657 1032 ita
1720 969 1796 1031 ut
1849 966 2169 1033 Banasam
2235 964 2553 1031 coloniam
2617 965 3084 1050 praeterfluens

568 1099 801 1162 reapse
849 1100 886 1141 a
931 1076 1095 1141 Lixo
1144 1073 1342 1140 distet
1390 1075 1476 1140 50
1522 1097 1603 1138 m.
1651 1097 1714 1158 p.

753 1184 853 1250 De
898 1181 1100 1250 Anati
1146 1202 1344 1265 supra
1390 1179 1519 1244 iam
1567 1179 1810 1244 dictum
1856 1182 1982 1265 est3
2028 1180 2112 1244 ab
2161 1202 2236 1245 eo
2282 1178 2435 1245 XIX
2481 1203 2564 1243 m.
2609 1202 2672 1263 p.
2722 1177 2963 1244 ducunt
3011 1179 3091 1243 ad

571 1291 950 1358 hodiernam
1016 1292 1336 1374 Masayan
1360 1285 1438 1375 1),
1504 1309 1779 1373 quacum
1842 1287 2042 1353 Plinii
2104 1287 2403 1354 Rutubin
2467 1307 2852 1371 componas3
2916 1286 3091 1370 apud

570 1391 1016 1466 Ptolemaeum
1072 1397 1195 1488 (IV
1245 1400 1311 1481 1,
1358 1393 1456 1483 2),
1522 1399 1596 1461 ut
1650 1394 1924 1480 passim,
1979 1394 2072 1461 sic
2125 1397 2250 1461 hoc
2305 1417 2562 1481 quoque
2616 1394 2758 1460 loco
2817 1394 3090 1460 duorum

570 1507 908 1573 nominum
946 1505 1101 1571 ordo
1140 1505 1431 1569 inversus
1470 1506 1585 1568 est.
1650 1502 1823 1569 Dein
1858 1525 1896 1567 a
1929 1502 2230 1568 Soloente
2268 1501 2721 1587 promunturio
2758 1501 3092 1567 meridiem

571 1637 793 1680 versus
868 1613 1135 1699 ponitur
1196 1609 1556 1695 Rhyssadir
1626 1613 1858 1694 portus
1877 1661 1894 1696 ,
1970 1633 2162 1695 quem
2224 1632 2358 1675 non
2422 1609 2742 1674 diversum
2806 1631 2942 1674 esse
3007 1609 3090 1673 ab

571 1725 821 1807 Ayadir
876 1721 1038 1786 urbe
1084 1718 1258 1784 haud
1303 1716 1831 1801 improbabiliter
1877 1717 2152 1783 coniecit
2198 1716 2518 1783 Tissotius
2565 1714 2658 1803 (p.
2697 1713 2875 1802 255).
2968 1714 3092 1793 Qui

573 1828 868 1912 sequitur
904 1828 1240 1905 Quosenus
1285 1824 1538 1909 fluviUS‚
1584 1846 1686 1907 me
1735 1824 1995 1908 quidem
2041 1824 2250 1889 iudice
2288 1824 2467 1888 nulla
2504 1828 2604 1888 est
2642 1822 3094 1906 controversia,

575 1935 732 2020 quin
778 1934 949 2000 idem
988 1933 1074 1999 sit
1111 1937 1306 2018 atque
1357 1934 1484 2000 Ued
1523 1928 1728 2018 81132),
1771 1954 1890 1997 nec
1926 1932 2142 1997 minus
2180 1935 2445 2018 certum,
2490 1929 2817 1996 Masathat
2854 1931 3095 1995 flumen

578 2041 1015 2126 quaerendum
1062 2063 1200 2107 esse
1247 2039 1316 2105 in
1353 2039 1664 2105 hodierno
1705 2037 1971 2126 11163113).
2055 2040 2154 2104 De
2191 2039 2432 2106 Darate
2473 2038 2746 2124 denique
2782 2038 3095 2105 Vivienus

576 2152 642 2214 et
696 2147 1016 2214 Tissotius
1069 2151 1244 2214 recte
1291 2146 1421 2212 iam
1475 2147 1858 2212 iudicarunt.
1960 2147 2192 2212 Restat
2251 2150 2324 2211 ut
2381 2169 2587 2231 pauca
2643 2147 2719 2211 de
2775 2147 2869 2212 eis
2920 2146 3096 2212 notis

578 2257 922 2341 proferam,
970 2278 1132 2339 quae
1179 2254 1502 2341 indigenis
1550 2255 1932 2319 tribuuntur
1977 2253 2150 2337 apud
2194 2253 2481 2317 Plinium
2528 2253 2619 2341 (V
2660 2251 2795 2340 13).
2877 2254 3096 2338 Atque

579 2363 864 2448 primum
922 2361 1182 2446 quidem
1240 2362 1413 2445 quod
1468 2385 1505 2425 a
1552 2360 1769 2425 Salate
1824 2360 2020 2426 fluvio
2069 2363 2150 2425 ad
2193 2360 2480 2426 Asanam
2529 2359 2632 2425 GL
2678 2385 2760 2425 m.
2808 2384 2871 2446 p.
2929 2384 3096 2426 com-

579 2472 919 2553 putantur,
973 2468 1126 2533 hinc
1180 2469 1597 2553 perspicuum
1652 2469 1757 2552 fit,
1810 2468 2000 2534 iustis
2055 2469 2262 2534 multo
2319 2468 2594 2533 maiores
2650 2491 2786 2534 esse
2838 2468 3099 2533 illorum

580 2598 939 2641 mensuras:
994 2576 1215 2660 itaque
1269 2577 1364 2641 nil
1418 2576 1655 2641 mirum
1712 2576 1885 2660 quod
1940 2575 2110 2641 inter
2164 2576 2295 2641 Fut
2348 2576 2589 2643 flumen
2644 2580 2709 2641 et
2763 2575 3100 2641 Atlantem

580 2687 869 2776 montem
926 2683 1318 2749 intercedere
1374 2683 1666 2748 videmus
1725 2681 1826 2749 CC
1873 2707 1955 2748 m.
2004 2707 2094 2768 p.;
2147 2682 2481 2768 nimirum,
2537 2683 2731 2749 sicuti
2785 2683 3102 2748 evincitur

582 2790 837 2855 collatis
893 2790 1248 2856 Ptolemaei
1304 2791 1548 2856 tabulis
1604 2790 1730 2878 (IV
1782 2794 1848 2875 1,
1895 2788 1994 2877 2),
2049 2790 2212 2856 illud
2268 2795 2367 2855 est
2436 2791 2562 2858 Ued
2620 2788 2941 2876 Tensv'fffi),
2995 2790 3101 2854 1116

584 2897 954 2963 referendus
1020 2899 1101 2962 ad
1165 2899 1690 2982 promunturium
1753 2897 1891 2963 Gir.
1946 2896 2200 2963 Medius
2256 2901 2474 2962 autem
2530 2897 2702 2963 inter
2755 2901 3101 2982 utrumque

584 3004 915 3090 egreditur
967 3004 1116 3070 Ivor
1170 3006 1430 3088 fluvius,
1497 3004 1607 3089 qui
1667 3005 1885 3070 nescio
1946 3028 2029 3070 an
2082 3005 2558 3091 intellegendus
2615 3005 2702 3070 sit
2755 3005 3104 3071 hodiernus

596 3112 726 3178 [sed
759 3112 814 3177 el
841 3111 1025 3197 Kseb,
1064 3134 1255 3196 quem
1294 3111 1504 3177 solum
1541 3110 1711 3177 inter
1739 3111 1992 3178 Tensift
2031 3116 2097 3178 et
2126 3112 2248 3177 Sus
2286 3112 2554 3177 flumina
2580 3135 2713 3179 non
2742 3112 3102 3198 spernenda

585 3242 723 3285 esse
769 3219 1216 3305 magnitudine
1264 3221 1519 3284 constat
1534 3216 1606 3306 5).
3120 3282 3128 3291 ,

761 3325 1138 3391 Adflictiore
1200 3326 1575 3392 condicione
1642 3330 1794 3391 sunt
1867 3349 2032 3412 quae
2096 3327 2381 3399 adnectit
2433 3327 2711 3393 Plinius:
2777 3326 3103 3393 inducitur

587 3434 766 3499 sinu's
821 3432 1092 3498 DOXVI
1138 3457 1218 3498 m.
1267 3458 1329 3518 p.
1421 3434 1819 3499 Dubitantes
1869 3457 1990 3500 nos
2045 3435 2123 3499 de
2178 3434 2302 3499 hac
2355 3457 2425 3500 re
2481 3439 2546 3500 et
2604 3457 2730 3519 quo
2786 3458 2905 3500 nos
2961 3458 3103 3500 con·

590 3544 918 3606 vertamus
964 3540 1559 3626 circumspicientes
1606 3541 1687 3606 ad
1733 3564 1802 3606 se
1840 3545 2026 3606 vocat
2072 3541 2483 3608 Ptolemaeus
2530 3541 2654 3631 (IV
2691 3544 2749 3627 6,
2787 3540 2878 3629 2),
2924 3542 3106 3608 cuius

582 3646 925 3730 Ἑσπέριος
996 3651 1240 3726 κόλπος
1314 3648 1575 3714 initium
1645 3648 1909 3732 capiens
1971 3651 2016 3714 4
2079 3649 2317 3736 gradus
2381 3650 2715 3716 meridiem
2777 3672 3001 3716 versus
3064 3673 3102 3715 a

589 3754 831 3821 Darate
883 3755 1176 3841 11111111116,
1241 3756 1582 3842 circuitum
1637 3756 1840 3822 habet
1864 3812 1871 3821 .
1895 3756 2027 3822 250
2080 3781 2162 3822 m.
2209 3781 2300 3843 p.‚
2365 3757 2604 3823 ostium
2659 3757 2818 3844 2153
2881 3758 3102 3844 itaque

773 4005 826 4073 1)
866 4002 937 4058 cf.
974 4003 1179 4058 Vivien
1216 4023 1269 4074 p.
1301 4009 1421 4059 360.
1490 4004 1684 4060 Tissot
1718 4024 1773 4076 p.
1805 4010 1928 4061 237.

773 4094 829 4161 2)
865 4090 1093 4163 Vivieni
1140 4093 1255 4149 Ued
1292 4094 1515 4151 Ghisser
1550 4101 1627 4166 (p.
1658 4098 1785 4165 371)
1823 4112 1855 4150 6
1894 4093 2105 4149 tabulis
2142 4094 2311 4149 hodie
2350 4093 2578 4150 omnino
2617 4094 2863 4153 evanuit.

770 4184 826 4251 3)
862 4180 1037 4236 Plane
1083 4197 1348 4252 perversa.
1402 4183 1472 4239 de
1521 4201 1587 4240 eo
1637 4186 1726 4238 est
1764 4182 1991 4239 Vivieni
2030 4182 2314 4240 sententia
2350 4187 2426 4256 (p.
2458 4189 2613 4254 373),
2661 4203 2788 4240 cum
2827 4186 3102 4243 Tissotius

594 4273 668 4339 (p.
700 4273 825 4338 255)
865 4268 1138 4326 iudicium
1174 4273 1243 4326 de
1282 4272 1371 4327 his
1408 4272 1635 4328 omnino
1675 4273 2010 4329 cohibuerit.

775 4361 831 4429 4)
871 4359 942 4415 cf.
978 4359 1184 4417 Vivien
1220 4381 1274 4432 p.
1305 4366 1428 4419 362.
1500 4362 1688 4417 Tissot
1723 4380 1777 4431 p.
1807 4367 1930 4418 252.

772 4451 827 4518 5)
864 4448 1039 4519 Lapsi
1104 4452 1235 4505 sunt
1298 4449 1592 4520 vivianus,
1668 4451 1767 4520 qui
1840 4451 1989 4506 inter
2049 4450 2159 4506 Fut
2222 4452 2560 4522 Anatimque
2624 4454 2824 4511 fluvios
2886 4456 3105 4512 Ivorem

592 4536 957 4607 interposuit,
1006 4541 1064 4593 et
1101 4538 1340 4594 Mueller
1386 4539 1478 4609 (ad
1522 4540 1668 4598 Ptol.
1706 4541 1786 4596 IV
1817 4548 1872 4611 1,
1902 4548 1933 4596 2
1973 4560 2026 4612 p.
2057 4546 2210 4611 579),
2258 4558 2424 4610 11116111
2471 4544 2599 4598 ideo
2649 4543 2839 4615 opinio
2881 4544 3101 4616 fefellit,

594 4627 745 4699 quod
785 4626 1004 4683 Atlanti
1042 4629 1150 4685 hoc
1186 4628 1312 4685 loco
1351 4631 1689 4701 respondere
1728 4631 1986 4687 sumebat
2021 4629 2470 4702 promunturium
2508 4633 2663 4689 Nun.
