3467 5334
530 409 617 473 62
1654 407 1838 478 Caput
1873 408 1916 462 Ι.

525 571 714 636 1101113
779 570 1084 656 opinione
1148 570 1479 636 terminari
1545 571 1773 635 debuit
1838 569 2253 635 meridionale
2309 570 2555 654 Libyae
2618 570 2803 655 111113,
2869 572 3042 655 quod

527 683 827 763 coeperat
882 681 965 745 ab
1012 679 1330 763 Hesperio
1387 677 1859 762 promunturio.
1950 676 2171 762 Atque
2228 677 2365 740 iure
2423 676 2618 740 etiam
2674 699 2748 740 ea
2802 700 2871 741 re
2917 678 3043 742 niti

529 785 699 870 licet,
748 785 919 870 quod
956 784 1151 849 maris
1186 786 1428 849 fluenta
1464 785 1545 849 ad
1582 784 1799 869 ipsum
1826 785 2195 868 palmarum
2242 784 2765 867 promunturium
2802 786 3042 871 gravis-

527 892 755 956 simam
803 893 1084 957 subeunt
1130 891 1574 977 mutationem,
1622 891 1688 955 id
1735 890 1908 975 quod
1954 890 2128 954 disco
2168 913 2247 954 ex
2294 890 2469 955 hisce
2511 890 2819 954 maritimi
2868 892 3043 955 illius

523 998 678 1062 libri
725 998 820 1086 (p.
863 995 1054 1084 396):
1110 997 1266 1063 Das
1303 943 1788 1062 Fortsclireiten
1834 997 1946 1060 der
1990 995 2228 1062 Schiffe
2274 998 2393 1061 auf
2432 997 2577 1062 dem
2622 998 2830 1084 Wege
2876 982 3077 1063 nach

525 1104 739 1170 81111011
776 1127 925 1170 vom
960 1104 1028 1170 N
1030 1105 1501 1187 ordostpassat
1539 1127 1684 1168 zum
1722 1102 2408 1189 Siidostpassatgebiet
2454 1105 2541 1169 ist
2581 1104 2891 1169 demnach
2937 1128 3042 1191 ge-

526 1212 852 1277 wohnlich
897 1234 1026 1276 von
1073 1211 1250 1276 einer
1286 1195 1642 1296 ilnderung
1689 1210 1801 1274 der
1847 1208 2374 1297 Stromrichtung
2418 1234 2545 1276 von
2582 1211 2875 1277 Siidwest
2922 1213 3043 1301 (im

523 1314 1305 1404 Nordaquatorialstrom)
1354 1318 1590 1382 durch
1627 1316 1908 1382 Siidost
1946 1315 2461 1405 (Liberiakl‘iste)
2508 1319 2656 1383 und
2699 1319 2767 1384 N
2778 1319 3043 1384 ordost

521 1425 713 1513 (Golf
721 1449 849 1491 von
869 1422 1145 1511 Guinea)
1164 1425 1330 1489 nach
1348 1424 1694 1490 Nordwest
1715 1423 1836 1511 (im
1856 1422 2588 1511 Sudaquatorialstrom)
2610 1426 2948 1512 begleitet'
2973 1423 3040 1512 ¹).

522 1534 817 1617 Denique
875 1555 1036 1616 quae
1091 1531 1282 1596 hodie
1339 1529 1792 1615 promunturio
1848 1530 2111 1596 Palmas
2166 1530 2302 1596 sola
2366 1532 2619 1597 obiacet
2674 1535 3045 1600 Russwurm

526 1640 761 1724 island,
826 1644 899 1703 ut
958 1638 1395 1723 Buettikofer,
1461 1661 1653 1723 quem
1717 1660 1836 1722 per
1897 1637 2150 1702 litteras
2213 1638 2371 1723 adii,
2447 1639 2726 1725 benigne
2791 1664 3043 1705 mecum

527 1745 1051 1829 communicavit,
1105 1745 1318 1810 lacum
1376 1745 1635 1829 quidem
1689 1744 2006 1828 continet,
2060 1745 2331 1809 alteram
2385 1746 2661 1810 insulam
2714 1770 2877 1832 non3
2932 1748 3043 1812 sed

529 1853 684 1939 quid
732 1852 807 1916 de
855 1852 975 1916 hac
1020 1874 1088 1915 re
1137 1851 1429 1936 sentiam,
1476 1852 1875 1936 superfluum
1922 1856 2019 1916 est
2066 1857 2374 1937 repetere.

703 1959 881 2023 Haec
921 1958 975 2023 si
1012 1962 1185 2023 recte
1223 1958 1656 2043 exposuimus,
1696 1981 1811 2023 sua
1849 1962 2082 2043 sponte
2122 1959 2269 2023 inde
2308 1961 2741 2047 consequitur,
2789 1962 3044 2026 cuinam

526 2067 669 2131 loco
725 2066 951 2130 Theon
1006 2064 1287 2130 Ochema
1350 2088 1535 2130 mons
1591 2066 2016 2152 assignandus
2076 2067 2177 2131 sit.
2271 2066 2445 2144 Quae
2512 2068 2589 2133 de
2654 2091 2729 2133 eo
2794 2074 3044 2134 veteres

527 2177 810 2259 narrant,
858 2178 970 2238 aut
1016 2177 1239 2257 aperte
1277 2174 1438 2238 falsa
1476 2177 1627 2238 sunt
1666 2178 1778 2237 aut
1817 2174 2151 2261 ambigua:
2199 2174 2358 2238 duos
2394 2175 2592 2239 Plinii
2629 2175 2806 2240 locos
2844 2199 3040 2260 supra

529 2280 1192 2365 commemoravimus3
1241 2281 1350 2365 qui
1390 2284 1593 2345 restat
1638 2279 1731 2368 (II
1769 2283 1829 2365 2,
1868 2278 1983 2367 38)
2029 2281 2222 2365 plane
2270 2281 2520 2345 inutilis
2560 2287 2673 2347 031.
2756 2282 2925 2346 Dein
2966 2284 3043 2347 de
3073 2364 3077 2368 ι

529 2388 735 2452 Μο100
782 2388 1095 2452 relatione
1150 2388 1307 2452 item
1354 2409 1456 2451 res
1502 2392 1827 2451 transacta
1874 2387 2003 2451 iam
2051 2391 2167 2451 est.
2251 2388 2547 2472 Denique
2583 2412 2794 2475 neque
2831 2389 3042 2454 Ptole-

527 2496 693 2559 maei
746 2500 966 2580 notae,
1034 2517 1196 2579 quae
1252 2494 1416 2558 mira
1471 2495 1772 2559 laborant
1828 2494 1897 2559 in
1959 2494 2065 2558 1113
2117 2494 2496 2580 regionibus
2550 2497 3043 2580 perturbatione

527 2601 650 2690 (IV
689 2604 748 2686 6,
779 2599 869 2688 9),
916 2602 1126 2666 lucem
1174 2601 1535 2685 quaestioni
1583 2602 1925 2666 affundunt
1971 2624 2181 2686 neque
2229 2604 2643 2689 geographus
2687 2603 3044 2688 RavennaS,

531 2710 640 2794 qui
688 2709 781 2797 (p.
812 2712 871 2775 8.
901 2706 974 2795 2)
1020 2712 1272 2773 montes
1318 2709 1586 2773 exhibet
1624 2709 1810 2773 iuxta
1856 2731 2167 2774 oceanum
2205 2710 2382 2795 31103,
2430 2711 2540 2795 qui
2587 2712 2808 2776 ardere
2855 2712 3043 2776 ascri—

529 2818 784 2882 bantur.
876 2816 1104 2901 Itaque
1162 2838 1302 2880 eam
1366 2816 1805 2902 ingrediamur
1858 2816 2029 2881 viam
2086 2840 2278 2901 quam
2342 2817 2549 2882 multo
2614 2841 2735 2883 usu
2789 2819 3042 2903 experti

527 2926 660 2990 fere
708 2925 890 3010 sequi
938 2925 1217 2989 solemus
1263 2928 1329 2987 et
1373 2923 1760 2989 Hannonem
1812 2925 2035 2988 solum·
2068 2924 2294 2988 ducem
2346 2947 2703 3009 sequamur.
2793 2925 3044 2990 Linteis

527 3036 745 3096 autem
790 3035 963 3094 retro
1021 3029 1188 3093 datis
1245 3029 1299 3093 si
1346 3052 1384 3093 a
1421 3031 1789 3113 palmarum
1843 3030 2295 3114 promunturio
2343 3054 2462 3115 per
2514 3036 2646 3097 tres
2691 3033 2827 3097 dies
2871 3055 3041 3097 reve-

525 3139 767 3223 himur,
822 3154 1025 3202 naves
1072 3136 1555 3201 constituuntur
1599 3136 1774 3200 haud
1819 3137 2047 3220 procul
2100 3138 2184 3202 ab
2231 3138 2542 3203 hodierno
2590 3141 3041 3223 promunturio

529 3246 885 3312 Mesurado.
977 3243 1114 3308 Iam
1173 3266 1324 3308 vero
1382 3243 1625 3308 obiciat
1684 3245 1958 3308 fortasse
2020 3245 2368 3330 quispiam,
2422 3249 2676 3310 montes
2734 3247 2901 3311 altos
2946 3247 3041 3311 ibi

529 3353 690 3418 mari
736 3375 866 3418 non
913 3351 1465 3436 appropinquare:
1513 3352 1614 3416 cui
1654 3352 1995 3417 offensioni
2035 3352 2155 3417 etsi
2194 3352 2500 3437 perfacile
2538 3354 2782 3436 possim
2829 3377 3042 3419 occur-

527 3482 666 3524 rere
707 3498 789 3505 —-
827 3482 977 3523 nam
1014 3457 1450 3544 Buettikofer,
1512 3483 1638 3545 qua
1685 3463 1783 3524 est
1837 3458 2271 3543 humanitate,
2316 3459 2657 3525 certiorem
2711 3484 2813 3524 me
2870 3462 3044 3546 fecit,

530 3567 744 3651 ipsum
793 3566 925 3649 Cap
968 3568 1307 3632 Mesurado
1361 3589 1516 3651 prae
1564 3566 1795 3632 ceteris
1842 3567 1980 3631 eius
2028 3589 2176 3632 orae
2222 3567 2556 3631 montibus
2602 3572 2873 3652 propter
2919 3569 3042 3632 sin-

529 3675 821 3760 gularem
867 3696 1048 3738 3110111
1094 3672 1368 3736 formam
1414 3673 1695 3757 speciem
1753 3673 2021 3737 ‘currus'
2078 3673 2407 3738 veteribus
2465 3674 2682 3739 nautis
2727 3676 3040 3759 praebere

530 3782 821 3866 potuisse
860 3820 963 3866 ——,
1000 3784 1218 3844 tamen
1264 3781 1392 3844 alio
1428 3803 1600 3845 nunc
1637 3781 1890 3845 animus
1927 3780 2221 3845 inclinat:
2267 3780 2574 3845 nimirum
2611 3780 2678 3844 in
2716 3781 2861 3865 ipsa
2896 3805 3041 3865 pro-

528 3888 842 3952 munturii
891 3890 1227 3954 Mesurado
1280 3887 1516 3952 vicinia
1570 3910 1649 3951 ex
1704 3888 1839 3952 alto
1900 3887 2388 3972 prospiciuntur
2439 3891 2693 3951 montes
2746 3889 3041 3953 mediter-

527 3996 732 4059 ranei:
773 3995 930 4059 ‘The
966 3995 1130 4081 high
1166 3995 1318 4058 land
1365 3995 1432 4058 in
1479 3995 1590 4059 the
1620 3993 1932 4079 interior',
1970 3995 2062 4057 ait
2092 3995 2188 4058 the
2212 3995 2443 4075 Africa
2457 3996 2620 4078 pilot
2638 3993 2731 4081 (p.
2753 3993 2931 4083 209),
2961 3995 3041 4059 ‘is

527 4102 760 4167 visible
797 4101 966 4165 from
996 4124 1034 4165 a
1069 4101 1509 4166 considerable
1547 4101 1832 4165 distance
1863 4101 1989 4165 and
2016 4101 2072 4164 is
2100 4100 2213 4164 the
2241 4101 2383 4165 first
2412 4124 2562 4165 seen
2591 4103 2782 4167 when
2807 4126 3040 4187 appro-

527 4209 766 4295 aching
792 4208 904 4272 the
935 4211 1112 4273 coast
1148 4207 1317 4273 from
1345 4209 1457 4272 the
1494 4207 2098 4290 north-westward',
2136 4211 2202 4271 et
2241 4207 2409 4273 infra
2436 4207 2529 4297 (p.
2560 4206 2748 4295 212):
2798 4210 3040 4275 ‘inland

526 4318 696 4381 from
733 4315 809 4379 it'
848 4313 1184 4403 (intellege
1222 4314 1383 4379 illud
1420 4314 1963 4400 promunturium,
2010 4315 2112 4379 0111
2159 4338 2395 4381 110111011
2442 4319 2539 4380 031
2578 4318 2792 4383 Bassa
2819 4314 3040 4404 Point)

528 4423 795 4487 ‘distant
845 4424 928 4487 10
973 4423 1158 4487 miles
1204 4423 1330 4486 and
1377 4422 1650 4508 bearin'g
1691 4422 1760 4487 N
1764 4420 1876 4485 E
1925 4422 2014 4506 by
2062 4423 2164 4509 E„
2212 4424 2393 4488 there
2440 4423 2497 4487 is
2542 4447 2592 4510 a·
2634 4424 3038 4489 remarkable

713 4658 764 4721 l)
802 4651 870 4706 cf.
911 4653 1019 4707 Pil.
1061 4652 1314 4723 Portoyh.
1356 4669 1443 4722 ap.
1484 4652 1642 4710 Ram.
1682 4670 1735 4721 p.
1766 4658 1885 4707 200.
