3467 5334
891 298 1151 405 *Quando
1190 336 1418 394 Graecis
1454 336 1768 392 innotuerit
1801 336 2094 392 Hannonis
2131 335 2397 408 peripluS.
2787 336 2911 399 111

409 503 723 588 quaedam
787 507 925 567 erat
989 506 1183 588 atque
1246 502 1609 586 frequentia
1623 500 1693 587 1).
1792 499 1900 566 Ab
1967 500 2168 565 altera
2226 522 2376 566 vero
2431 504 2646 585 parte,
2710 502 2785 562 ut
2841 498 2918 562 de

405 614 701 693 tempore
749 632 884 673 rem
931 609 1012 672 ad
1055 608 1374 692 liquidum
1420 608 1795 692 perducam,
1851 607 2132 692 Scylacis
2179 609 2325 673 fons
2371 606 2655 672 anterior
2700 610 2798 669 est
2845 627 2920 668 ea

407 720 645 800 aetate,
703 738 829 801 qua
872 715 1211 780 Hannonis
1267 713 1560 799 periplus
1609 714 1867 779 Graecis
1923 714 2236 798 innotuit,
2290 714 2328 778 i.
2378 737 2458 799 e.,
2513 713 2704 778 sicuti
2750 713 2919 777 infra

410 824 802 908 ostendetur,
849 822 1132 886 anterior
1178 826 1452 886 exeunte
1501 825 1729 905 quarto
1781 820 2062 885 saeculo:
2110 822 2282 905 quod
2326 825 2461 885 tam
2506 844 2729 886 verum
2768 842 2919 885 sane

410 935 527 1013 est,
567 952 758 1014 quam
795 930 1089 1014 planum,
1126 927 1385 992 tametsi
1422 950 1555 991 11011
1591 928 1840 1012 desunt,
1879 928 1990 1012 qui
2029 932 2251 992 contra
2289 928 2502 992 dicant
2516 926 2586 1014 ²).
2660 928 2922 992 Etenim

411 1037 467 1101 si
526 1060 628 1101 res
683 1036 872 1100 aliter
924 1036 1222 1121 haberet,
1284 1057 1401 1099 1100
1458 1034 1677 1119 potuit
1733 1033 1965 1118 Scylax
2019 1057 2303 1118 narrare,
2368 1058 2544 1099 aram
2600 1035 2780 1098 illam
2837 1034 2919 1097 ab

409 1143 726 1208 Hannone
791 1143 859 1206 in
914 1142 1215 1208 Soloente
1275 1141 1725 1226 promunturio
1785 1141 2182 1205 aedificatam
2235 1140 2502 1205 Daedali
2560 1164 2725 1226 opus
2782 1163 2921 1205 esse

410 1249 638 1335 videri,
714 1255 777 1314 et
835 1248 1381 1335 Carthaginiensis
1447 1248 1740 1333 periplus
1803 1247 2204 1312 luculentum
2267 1248 2711 1313 testimonium
2785 1252 2922 1311 erat

412 1357 908 1442 haudquaquam
980 1357 1151 1421 ultra
1216 1355 1463 1421 Cernen
1535 1355 1813 1420 insulam
1886 1359 2159 1439 propter
2233 1356 2454 1420 brevia
2524 1359 2588 1419 et
2653 1377 2923 1419 coenum

414 1463 753 1548 algamque
809 1487 982 1527 mare
1038 1462 1405 1549 navigabile
1452 1485 1584 1527 non
1630 1485 1785 1526 esse.
1877 1461 2063 1526 Unde
2110 1467 2470 1547 praeterea,
2528 1483 2794 1547 quaese,
2850 1483 2923 1523 ea

416 1570 741 1634 fluxerunt
770 1570 839 1635 in
867 1570 1149 1655 Scylacis
1185 1569 1582 1655 relationem,
1620 1592 1784 1655 quae
1813 1568 1987 1652 apud
2014 1567 2400 1633 Hannonem
2437 1569 2923 1634 desiderantur?

408 1675 545 1740 Iam
607 1700 757 1742 vero
823 1678 1022 1763 istud,
1087 1681 1161 1741 ut
1224 1677 1431 1742 dicam
1497 1677 1670 1762 quod
1733 1676 1942 1741 sentio
1953 1728 1970 1761 ,
2034 1681 2206 1741 recte
2260 1682 2675 1762 perspectum
2732 1680 2830 1740 est
2886 1699 2923 1738 a

404 1783 714 1849 Muellero
731 1783 811 1871 3),
873 1766 1324 1868 descriptionis
1380 1785 1746 1849 ubertatem
1802 1807 1839 1848 a
1895 1782 2217 1847 succincta
2272 1784 2467 1847 maris
2525 1782 2763 1848 interni
2821 1805 2923 1846 ex-

403 1890 728 1974 positione
775 1894 915 1955 toto
964 1890 1140 1955 coelo
1191 1890 1551 1975 discrepare
1598 1914 1715 1955 nec
1761 1914 1894 1955 non
1937 1890 2198 1955 omnino
2236 1912 2274 1954 a
2308 1890 2552 1956 nautici
2591 1889 2920 1955 cuiusdam

405 1996 560 2061 libri
607 1997 1064 2062 consuetudine
1112 2020 1185 2061 ac
1230 1997 1505 2062 ratione:
1552 1998 1679 2062 huc
1727 1999 2037 2082 quadrare
2083 2020 2215 2062 non
2261 1997 2600 2062 abnuerim
2643 2019 2805 2082 quae
2845 1996 2922 2060 de

406 2104 699 2188 Neptuni
747 2128 856 2169 ara
901 2104 1223 2191 leguntur,
1273 2105 1516 2190 quippe
1564 2127 1708 2169 cum
1757 2128 1794 2168 a
1835 2104 2050 2168 nautis
2089 2105 2525 2188 conspiciatur
2562 2108 2626 2168 et
2666 2104 2924 2190 signum

409 2210 501 2275 eis
557 2211 642 2275 sit
697 2212 870 2276 haud
924 2212 1357 2296 spernendum
1411 2210 1519 2299 (cf.
1568 2211 1735 2296 Scyl.
1784 2216 1823 2293 ξ
1860 2209 2001 2297 35),
2061 2214 2127 2275 et
2183 2234 2345 2296 quae
2405 2211 2795 2275 exhibentur
2845 2211 2923 2275 de

408 2318 805 2382 Phoenicum
843 2323 1224 2383 mercatura:
1265 2340 1425 2403 quae
1465 2324 1682 2383 autem
1718 2318 2029 2382 maiorem
2064 2319 2197 2382 fere
2235 2317 2630 2404 paragraphi
2667 2322 2922 2402 partem

411 2425 726 2509 efficiunt,
781 2426 1179 2490 narrationes
1225 2426 1386 2491 istae
1434 2427 1510 2490 de
1557 2426 1960 2511 Aethiopum
2005 2426 2322 2511 moribUS,
2377 2426 2653 2511 vestitu,
2693 2430 2924 2489 ornatu

412 2554 699 2617 quaeque
756 2534 1078 2597 adduntur
1133 2533 1209 2596 de
1267 2556 1488 2598 eorum
1543 2534 1717 2598 victu
1781 2556 1853 2598 ac
1901 2534 1977 2597 de
2024 2532 2344 2598 institutis
2390 2532 2675 2617 publicis
2717 2531 2924 2596 festis-

413 2662 534 2723 que
583 2640 837 2725 diebus,
886 2639 1066 2725 quid,
1115 2662 1368 2723 quaeSO,
1418 2641 1576 2705 haec
1624 2641 1839 2706 omnia
1886 2663 2221 2705 commune
2268 2641 2513 2705 habent
2561 2662 2707 2704 cum
2751 2639 2922 2703 libro

415 2747 691 2830 quodam
755 2748 835 2811 ad
897 2750 1239 2811 nautarum
1306 2768 1493 2810 usum
1560 2747 1965 2831 composito?
2069 2746 2359 2812 Concedo
2425 2747 2654 2835 igitur,
2717 2750 2924 2811 totam

413 2853 578 2917 hanc
623 2854 1008 2938 particulam
1055 2877 1093 2917 a
1136 2858 1351 2918 vetere
1398 2855 1592 2919 maris
1644 2854 1883 2919 interni
1920 2854 2177 2939 periplo
2216 2855 2491 2918 alienam
2528 2876 2692 2939 esse3
2736 2876 2924 2939 nego,

413 2961 797 3025 Muellerum
852 2985 931 3026 ex
977 2966 1152 3026 recta
1197 2962 1317 3026 hac
1365 2962 1814 3028 observatione
1861 2967 2102 3027 rectam
2148 2961 2374 3027 fecisse
2422 2961 2924 3046 conclusionem,

416 3068 526 3153 qui
581 3091 729 3132 cum
784 3070 998 3133 omnia
1044 3070 1273 3134 inscite
1321 3070 1687 3155 conscripta
1734 3076 1800 3136 et
1847 3094 1925 3135 ex
1974 3070 2208 3155 pannis
2254 3068 2405 3134 hinc
2451 3069 2599 3133 inde
2647 3068 2925 3153 arreptis

416 3179 683 3240 consuta
738 3198 876 3241 esse
932 3181 1244 3263 censeret,
1305 3177 1790 3263 interpolatoris
1845 3200 2106 3241 manum
2161 3181 2507 3263 agnoscere
2566 3176 2695 3241 sibi
2749 3176 2924 3240 visus

287 3348 298 3358 ,
417 3286 514 3347 est
570 3287 763 3368 atque
819 3284 1163 3348 molestum
1217 3284 1340 3349 hoc
1396 3284 1905 3348 additamentum
1955 3283 2195 3348 secludi
2240 3284 2461 3348 voluit.
2553 3282 2692 3349 Nos
2739 3283 2927 3348 aliter

418 3390 869 3455 iudicabimus:
914 3390 1221 3455 nimirum
1264 3413 1397 3455 non
1442 3414 1479 3453 a
1522 3392 1739 3456 nescio
1788 3414 1914 3475 quo
1954 3390 2170 3475 sci010,
2217 3391 2329 3454 sed
2365 3391 2448 3455 ab
2490 3413 2564 3456 00
2602 3390 2748 3476 ipso
2786 3391 2924 3455 viro

419 3497 626 3584 docto,
674 3498 784 3584 qui
830 3498 1033 3562 altera
1079 3498 1315 3562 saeculi
1350 3498 1460 3563 IV.
1507 3504 1692 3583 parte
1740 3498 2113 3563 retractavit
2157 3502 2440 3563 veterem
2486 3498 2815 3582 periplum
2861 3500 2927 3561 et

419 3604 750 3689 adaptavit
795 3604 1120 3689 praesenti
1166 3608 1321 3669 tunc
1367 3628 1583 3670 rerum
1620 3607 1819 3671 statui
1859 3606 2162 3692 orbisque
2200 3610 2514 3670 terrarum
2553 3605 2927 3692 cognitioni,

421 3734 582 3796 quae
646 3734 817 3776 1111110
878 3710 1136 3795 quidem
1200 3711 1276 3775 de
1342 3712 1603 3777 occidua
1655 3714 1902 3798 Libyae
1968 3736 2075 3779 ore
2138 3714 2446 3799 leguntur
2509 3712 2725 3776 addita
2789 3735 2927 3777 esse

421 3819 717 3884 arbitror.
799 3818 951 3885 Non
996 3821 1258 3904 gravate
1305 3824 1522 3884 autem
1569 3842 1791 3884 omnes
1828 3818 2270 3907 largiantur4),
2315 3842 2605 3884 manasse
2645 3818 2927 3904 Scylacis

420 3926 853 3990 narrationem
891 3949 924 3990 e
962 3948 1193 4013 graeco
1233 3926 1572 4010 scriptore:
1612 3926 1848 3990 dicitur
1886 3927 2057 3991 enim
2093 3925 2386 4011 Neptuni
2425 3949 2534 3991 ara
2574 3950 2610 3991 a
2642 3927 2926 3992 Daedalo

423 4033 737 4098 fabricata
793 4056 929 4098 esse
938 4086 956 4119 ,
1021 4056 1149 4120 qua
1202 4058 1272 4099 re
1327 4034 1768 4121 mythologiae
1825 4033 2213 4099 Graecorum
2268 4034 2554 4122 cognitio
2610 4035 2927 4121 proditur,

609 4233 659 4297 1)
697 4227 848 4293 Quae
880 4226 1179 4282 Goebelius
1207 4247 1260 4298 p.
1299 4236 1364 4283 14
1393 4229 1463 4287 de
1492 4229 1743 4300 Neptuni
1772 4245 1870 4283 ara
1900 4229 2079 4298 deque
2110 4229 2659 4300 Carthaginiensium
2691 4228 2926 4286 coloniis

432 4315 659 4370 iamiam
700 4315 904 4371 deletis
943 4315 1195 4385 exponit,
1234 4316 1451 4373 futtilia
1489 4323 1632 4375 sunt.

605 4408 658 4475 2)
698 4404 768 4461 cf.
808 4406 948 4460 Entz
985 4423 1038 4475 p.
1069 4411 1102 4459 4
1140 4407 1268 4460 adn.
1304 4414 1350 4461 1.

607 4497 662 4565 3)
688 4496 895 4566 proleg.
934 4513 986 4565 p.
1017 4494 1194 4562 XLII;
1235 4496 1401 4550 aliter
1436 4497 1608 4551 sentit
1646 4496 1945 4554 Goebelius
1984 4501 2059 4568 (p.
2095 4502 2197 4568 10),
2235 4515 2346 4552 non
2383 4499 2552 4555 recte.

605 4587 661 4655 4)
698 4584 766 4638 cf.
805 4583 1016 4641 Goebel
1052 4603 1107 4655 p.
1140 4590 1221 4641 15.
