3467 5334
1241 426 1325 480 De
1360 425 1653 480 Hannonis
1690 427 1810 482 vita
1847 429 1906 481 et
1942 430 2148 483 aetate.
2823 432 2948 495 101

619 587 880 654 Summa
935 588 1138 674 igitur
1188 589 1569 654 subducitur
1615 592 1701 655 30
1726 591 1856 656 265
1886 591 1975 654 m!
2066 569 2275 656 Unde'
2300 594 2629 679 progressi
2676 595 2952 680 agedum

439 695 819 782 indagemus
855 695 1210 759 incolarum
1246 698 1610 760 numerum!
1675 696 1911 761 Effecit
1946 697 2291 762 Belochius
2328 698 2421 786 (p.
2459 698 2622 787 410)
2661 701 2791 765 acri
2830 701 2952 766 dis-

435 802 775 887 putatione
830 803 899 866 in
953 801 1323 868 universum
1378 804 1738 888 quingenos
1785 804 2064 868 tricenos
2109 805 2211 869 vel
2259 809 2611 891 octogenos
2656 807 2951 874 homines

434 910 765 974 habitasse
807 913 1119 994 quaterna
1147 910 1278 974 fere
1309 910 1533 996 iugera
1561 910 1629 974 in
1655 910 2022 975 Poenorum
2060 912 2360 977 urbibus:
2397 936 2530 978 non
2567 914 2778 979 minor
2805 938 2950 1000 pro-

437 1017 607 1081 fecto
646 1017 771 1081 fuit
808 1039 1113 1081 numerus
1149 1016 1219 1081 in
1255 1016 1560 1081 interiore
1600 1015 2013 1104 Carthaginis
2049 1022 2252 1102 parte,
2299 1018 2415 1083 ubi
2455 1022 2656 1084 οἰκίαι
2703 1022 2948 1088 πυκναὶ

435 1122 546 1189 καὶ
596 1122 917 1207 ἕξώροφοι
944 1127 1387 1208 πανταχόθεν
1434 1119 1603 1208 ἦσαν
1651 1123 1760 1212 (cf.
1798 1123 1972 1209 App.
2009 1124 2168 1189 Pun.
2213 1122 2385 1212 128).
2459 1125 2694 1191 Forma
2730 1133 2947 1194 autem

433 1230 761 1295 interioris
797 1229 1024 1314 oppidi
1063 1230 1461 1317 triangulum
1499 1234 1614 1315 est,
1663 1231 1836 1316 quod
1880 1235 2066 1315 patet
2102 1230 2171 1295 in
2210 1230 2621 1298 latitudinem
2658 1237 2834 1301 3300
2864 1260 2947 1323 m,

434 1338 611 1403 3400
639 1336 709 1400 in
748 1335 1179 1403 altitudinem:
1226 1337 1377 1402 hinc
1414 1337 1659 1402 incolae
1699 1337 2096 1425 colliguntur
2133 1338 2388 1404 circiter
2425 1342 2556 1405 330
2575 1342 2723 1406 000.
2799 1342 2947 1419 Qui-

436 1444 558 1508 bus
605 1443 877 1507 addendi
924 1449 1093 1528 sunt,
1142 1445 1252 1529 qui
1299 1444 1686 1510 suburbium
1733 1446 2122 1530 incolebant,
2170 1446 2351 1511 cuius
2398 1468 2545 1512 area
2593 1449 2767 1514 6900
2813 1450 2946 1515 fere

434 1550 732 1637 iugerum
788 1554 911 1636 est3
967 1554 1042 1615 ut
1095 1573 1245 1616 vero
1302 1551 1508 1617 multo
1562 1552 1879 1617 minorem
1933 1552 2039 1617 hic
2092 1553 2291 1618 fuisse
2346 1577 2685 1619 numerum
2732 1555 2947 1621 unius-

432 1658 740 1742 cuiusque
795 1656 1037 1744 iugeris
1092 1657 1449 1723 incolarum
1504 1660 1926 1724 concedamus
1983 1664 2046 1724 et
2103 1660 2433 1725 dimidiam
2489 1665 2746 1727 tantum
2797 1665 2944 1728 sub-

434 1765 777 1830 stituamus
858 1769 1145 1851 partem,
1236 1766 1652 1831 nihilosecius
1740 1767 2110 1833 efficiuntur
2189 1768 2470 1853 amplius
2551 1768 2684 1835 500
2765 1770 2945 1834 milia

430 1871 791 1958 hominum,
848 1873 941 1937 ita
997 1877 1069 1938 ut
1124 1874 1177 1938 si
1235 1875 1521 1940 omnium
1585 1897 1903 1938 summam
1959 1875 2575 1959 comprehendamus
2638 1899 2944 1942 numerus

429 1979 783 2043 incolarum
838 1979 925 2044 sit
980 1983 1111 2046 830
1130 1983 1278 2048 000.
1371 1981 1658 2058 Quocum
1710 1981 2019 2065 concinit,
2076 1982 2248 2065 quod
2295 1981 2634 2047 Strabonis
2684 1983 2944 2067 quidem

431 2086 801 2151 testimonio
840 2086 1057 2175 (XVII
1085 2091 1145 2173 3,
1178 2089 1260 2154 15
1298 2113 1360 2173 p.
1392 2091 1520 2154 833
1543 2087 1625 2175 C)
1667 2091 1814 2152 ante
1862 2088 2128 2152 tertium
2178 2088 2349 2172 quod
2394 2093 2660 2153 vocatur
2697 2090 2943 2155 bellum

428 2193 742 2258 Punicum
791 2197 919 2258 700
938 2198 1070 2262 000
1116 2195 1363 2262 incolae
1403 2195 1791 2283 Carthagine
1837 2196 2369 2281 numerabantur3
2415 2218 2692 2281 namque
2739 2197 2940 2262 mino-

429 2322 565 2365 rem
620 2304 761 2366 tum
816 2301 1033 2367 alebat
1088 2304 1571 2368 multitudinem
1625 2304 1784 2367 urbs
1849 2325 2042 2387 quam
2106 2302 2354 2366 aluerat
2421 2303 2743 2387 quondam
2789 2309 2939 2369 ante

430 2409 874 2473 cruentissima
922 2408 1033 2473 illa
1081 2410 1253 2474 bella
1300 2433 1445 2474 cum
1482 2410 1791 2474 Romanis
1839 2414 2038 2495 gesta.
2122 2409 2546 2494 Perspicuum
2590 2433 2741 2475 vero
2789 2411 2940 2477 hinc

427 2520 524 2579 est
601 2539 794 2601 quam
861 2517 1190 2581 commode
1262 2517 1365 2581 vel
1418 2517 1496 2582 V.
1562 2517 1815 2581 saeculo
1874 2520 2018 2581 octo
2083 2516 2216 2580 fere
2274 2515 2453 2580 milia
2518 2516 2757 2582 civium
2812 2542 2939 2583 uno

429 2622 741 2706 temporis
796 2627 1123 2687 momento
1172 2623 1735 2709 Carthaginienses
1792 2624 1859 2687 in
1916 2623 2201 2687 colonias
2247 2623 2581 2707 potuerint
2628 2625 2938 2690 emittere.

602 2727 914 2794 Attamen
977 2729 1218 2794 obiciat
1279 2730 1551 2794 fortasse
1608 2730 1958 2815 quispiam,
2024 2731 2284 2794 omnino
2340 2752 2471 2794 non
2528 2729 2938 2818 Carthaginis

425 2836 632 2921 ipsius
677 2837 919 2902 incolas
965 2837 1232 2902 emissos
1280 2859 1435 2923 esse,
1483 2837 1594 2902 sed
1639 2837 1913 2921 imperio
1962 2859 2182 2902 eorum
2221 2837 2547 2902 subiectos
2583 2837 2938 2902 vicinarum

425 2944 686 3008 urbium
732 2944 918 3009 cives
1005 2943 1121 3008 Cui
1168 2946 1260 3009 ita
1303 2945 1563 3010 obviam
1599 2944 1858 3030 ibimus,
1905 2949 1978 3009 ut
2017 2966 2331 3029 quaenam
2369 2943 2499 3008 sint
2536 2947 2937 3028 Λιβυφοινί-

424 3075 559 3116 κων
597 3056 822 3129 πόλεις
861 3075 1255 3136 quaeramus.
1321 3054 1413 3119 Ut
1450 3053 1519 3117 in
1555 3053 1779 3138 paucis
1819 3051 2186 3135 subsistam,
2225 3051 2470 3136 optime
2497 3050 2937 3137 Mommsenus

421 3157 483 3246 (I
518 3160 649 3224 489
673 3157 813 3246 sq.),
860 3158 963 3223 cui
1011 3159 1396 3243 subscripsit
1440 3159 1709 3222 Meltzer
1755 3157 1847 3246 (p.
1898 3160 1983 3224 60
2003 3181 2095 3241 sq.
2142 3181 2204 3241 p.
2248 3158 2377 3222 436
2401 3154 2588 3244 sqq),
2632 3157 2935 3223 Moversii

423 3264 515 3354 (II
552 3268 612 3349 2,
648 3262 989 3351 412—35)
1035 3265 1433 3350 aliorumque
1481 3264 1814 3329 molimina
1861 3286 2206 3350 aggressus
2254 3286 2415 3348 quae
2462 3263 2632 3328 inter
2671 3262 2932 3330 Cartha-

424 3373 642 3459 ginem
703 3372 1351 3458 Libyphoenicesque
1416 3372 1856 3437 intercedebat
1920 3371 2237 3436 rationem
2302 3372 2722 3457 comparabat
2787 3396 2932 3438 cum

424 3502 498 3543 ea
545 3503 707 3566 quae
764 3485 900 3545 erat
953 3481 1124 3545 inter
1168 3480 1493 3545 Romanos
1540 3484 1604 3544 et
1649 3479 1933 3564 Latinos,
2020 3479 2326 3543 Habebat
2370 3479 2933 3565 Libyphoenicum

423 3610 548 3663 vox
595 3587 879 3672 primum
926 3588 1520 3675 ethnographjcam,
1568 3586 1624 3651 si
1661 3587 1760 3651 fas
1798 3590 1895 3651 est
1938 3586 2030 3649 ita
2066 3586 2264 3672 loqui,
2309 3586 2442 3649 vim
2480 3588 2545 3649 et
2583 3586 2931 3673 distingue-

425 3696 538 3759 bat
603 3717 824 3759 omnes
890 3694 1001 3779 qui
1062 3694 1339 3780 Libyam
1399 3694 1770 3761 incolebant
1828 3693 2182 3758 Phoenices
2246 3716 2283 3756 a
2338 3692 2931 3778 Syrophoenicibus

425 3800 530 3889 (cf.
589 3801 739 3866 Luc.
796 3802 965 3865 deor.
1030 3823 1203 3866 conc.
1257 3798 1347 3888 4).
1454 3800 1611 3865 Mox
1673 3824 1825 3883 yero
1899 3801 2066 3865 sicut
2128 3800 2336 3865 Roma
2396 3799 2777 3866 Latinorum
2840 3803 2933 3867 ita

426 3906 746 3994 Carthago
791 3901 1358 3993 'Libyphoenicum
1413 3907 1700 3972 obtinuit
1756 3908 2039 3993 primum
2094 3907 2560 3991 principatum,
2616 3907 2763 3973 dein
2818 3910 2930 3975 im-

423 4016 702 4099 perium,
757 4014 824 4079 id
872 4016 1043 4100 quod
1087 4021 1300 4081 ratum
1346 4016 1475 4080 iam
1520 4016 1766 4079 factum
1812 4018 1950 4079 erat
2013 4037 2160 4078 cum
2214 4014 2498 4099 primum
2554 4015 2717 4080 illud
2761 4017 2932 4082 inter

421 4122 745 4187 Romanos
793 4126 858 4186 et
898 4121 1460 4211 Carthaginienses
1505 4123 1782 4189 iceretur
1817 4122 2043 4187 foedus
2079 4145 2246 4187 anno
2286 4124 2442 4201 509;
2491 4125 2753 4189 fuerunt
2789 4128 2929 4189 tum

419 4228 942 4315 Libyphoenices
1014 4232 1498 4314 Καρχηδονίων
1570 4230 1893 4315 ὕπαρχοι,
1971 4230 2117 4296 ὅσοι
2191 4240 2330 4308 τοῖς
2402 4230 2630 4307 αὐτοῖς
2696 4235 2929 4315 νόμοις

419 4348 706 4422 χρῶνται
753 4335 861 4423 (cf.
909 4336 1138 4421 Polyb.
1185 4334 1279 4402 HI
1315 4335 1449 4424 22).
1539 4336 1717 4405 Num
1771 4340 1987 4402 autem
2033 4357 2108 4402 ea
2154 4340 2383 4424 aetate,
2431 4358 2557 4422 qua
2604 4336 2926 4427 Carthago

421 4432 794 4528 ceteraeque
859 4444 1053 4508 urbes
1116 4465 1321 4528 aequo
1387 4444 1557 4509 inter
1620 4467 1687 4509 se
1752 4444 2007 4510 iunctae
2064 4447 2246 4509 erant
2299 4444 2582 4531 foedere,
2645 4445 2927 4511 universi

419 4548 940 4635 Libyphoenices
1013 4549 1337 4616 communi
1410 4550 1677 4615 consilio
1753 4552 2156 4617 condiderint
2223 4550 2506 4616 colonias
2522 4603 2540 4636 ,
2612 4552 2683 4617 in
2745 4557 2927 4619 tanta

421 4658 817 4724 obscuritate
864 4657 1135 4723 divinari
1182 4657 1423 4744 nequit.
1514 4656 1605 4722 At
1652 4657 1750 4723 uti
1796 4681 1834 4723 a
1879 4659 2189 4725 Romanis
2234 4658 2488 4724 foedere
2533 4659 2765 4728 Latino
2814 4661 2924 4728 diu
