3467 5334
654 407 899 479 Reliqua
935 406 1004 461 de
1040 404 1257 476 Libyae
1293 423 1393 464 ora
1430 406 1773 464 occidentali
1808 384 2083 464 memoria
2119 408 2534 481 (Ptolemaeus).
2759 406 2840 474 77

341 593 439 660 08,
498 574 670 659 (111οᾶ
714 565 1025 639 Vivienus
1083 566 1175 661 (pL
1216 570 1378 660 363)
1434 577 1499 638 et
1544 566 1864 639 Tissotius
1908 572 2003 662 (p.
2043 572 2204 661 238)
2249 573 2536 641 referunt
2581 574 2662 639 ad
2707 595 2849 639 eam

334 680 667 767 lagunam,
721 703 884 766 quae
932 680 1080 745 inde
1127 703 1165 743 a
1212 701 1371 744 saec.
1417 679 1603 745 XVII
1664 682 1973 748 Walidiia
2016 687 2309 768 vocatur,
2359 687 2546 747 antea
2590 682 2847 747 Edrisio
2943 761 2949 767 ¹

333 786 667 872 appellata
712 789 883 872 Ayr;
940 787 1045 851 his
1100 785 1223 851 etsi
1270 786 1642 851 dubitanter
1688 787 2049 853 adsentitur
2093 789 2368 854 Mueller
2423 787 2517 877 (p.
2556 792 2750 864 576s7
2761 786 2848 876 7),

333 894 444 980 qui
509 902 701 961 Δῦον
767 915 1020 979 quoque
1086 915 1233 959 cum
1298 893 1391 958 eis
1452 894 1830 980 recognovit
1893 894 1960 959 in
2024 896 2334 962 hodierno
2405 897 2536 964 Ued
2587 897 2847 962 Mellah.

331 1001 541 1079 Quam
595 1001 998 1067 incredibilia
1054 1006 1270 1066 autem
1323 1001 1482 1066 haec
1528 1002 1744 1066 omnia
1791 1001 1949 1087 sint,
2003 1026 2192 1068 nemo
2238 1025 2370 1068 non
2415 1002 2606 1068 videt.
2698 1003 2852 1070 Non

329 1110 578 1193 poterit
614 1131 767 1175 vero
805 1108 883 1194 ei,
924 1108 1036 1193 qui
1075 1110 1151 1174 de
1188 1108 1543 1175 Ptolemaei
1579 1110 1704 1174 fide
1743 1109 2106 1193 paullulum
2143 1110 2522 1175 addubitare
2561 1111 2849 1195 coeperit

331 1239 607 1301 eamque
681 1216 1156 1281 dubitationem
1216 1238 1495 1301 quonam
1560 1220 1943 1303 argumento
2009 1219 2264 1283 firmare
2319 1217 2528 1302 possit
2584 1217 2848 1282 circum-

329 1324 588 1409 spiciat,
634 1324 918 1409 primum
963 1342 1096 1389 non
1141 1323 1303 1388 mira
1348 1324 1551 1389 videri
1600 1347 1764 1408 quae
1812 1324 1982 1390 inter
2022 1327 2147 1390 duo
2195 1325 2309 1389 illa
2355 1324 2616 1389 nomina
2654 1325 2846 1389 inter-

329 1431 502 1496 cedit
553 1431 937 1516 similitud03
983 1431 1244 1517 accedit,
1293 1432 1465 1515 quod
1505 1436 1778 1516 utraque
1816 1455 1943 1497 vox
1980 1432 2323 1497 manifesto
2363 1431 2663 1497 cohaeret
2701 1454 2846 1496 611111

325 1538 533 1603 Plinii
576 1539 763 1604 Ivore
817 1537 1014 1603 fluvio
1029 1535 1097 1625 1).
1191 1538 1362 1603 Η1116
1417 1543 1633 1603 autem
1681 1539 2032 1604 dilucidum
2076 1540 2179 1624 fit,
2235 1539 2346 1624 qui
2393 1538 2558 1603 Diur
2605 1538 2848 1622 duplici
2978 1582 2984 1588 -

328 1646 471 1711 1060
527 1646 596 1711 111
639 1646 996 1711 Ptolemaei
1047 1645 1305 1709 tabulas
1352 1645 1711 1730 irrepserit:
1767 1647 2073 1712 nimirum
2121 1650 2663 1712 commemoratur
2706 1644 2855 1710 Ivor

326 1755 507 1838 apud
562 1753 846 1819 Plinium
910 1774 1039 1817 una
1103 1775 1248 1818 cum
1303 1751 1522 1817 Asana
1583 1753 1849 1818 flumine
1907 1758 1971 1817 et
2024 1751 2319 1838 Atlante,
2385 1776 2423 1816 a
2475 1752 2849 1817 Ptolemaeo

328 1861 605 1945 ponitur
642 1865 791 1925 ante
818 1859 1153 1924 Atlantem
1190 1860 1506 1925 minorem
1544 1864 1609 1925 et
1647 1864 1800 1945 post
1827 1861 2128 1945 Asanam,
2167 1861 2514 1945 utrobique
2550 1860 2850 1944 ficticius3

327 1990 480 2032 nam
557 1965 755 2032 Plinii
826 1965 1014 2031 Atlas
1089 1970 1187 2032 est
1260 1966 1644 2031 hodiernum
1717 1968 2242 2051 promunturium
2315 1968 2453 2034 Gir.
2564 1966 2700 2031 Iam
2774 1967 2855 2030 ad

326 2073 669 2139 Atlantem
714 2073 1024 2138 maiorem
1070 2073 1445 2138 accedamus
1492 2077 1557 2138 et
1602 2074 1934 2139 videamus
1983 2098 2297 2158 quaenam
2340 2075 2423 2138 ab
2476 2097 2551 2138 eo
2600 2078 2853 2158 septen-

330 2182 617 2247 trionem
670 2203 892 2246 versus
949 2186 1182 2245 exeant
1234 2181 1373 2246 rivi.
1465 2180 1564 2246 De
1610 2181 1822 2266 primo
1872 2181 2156 2246 breviter
2201 2182 2324 2246 dici
2372 2185 2616 2265 potest:
2671 2185 2854 2265 patet

329 2289 797 2374 Ptolemaeum,
845 2288 1034 2353 sicuti
1070 2287 1405 2353 Atlantem
1453 2289 1781 2354 borealem
1829 2288 1955 2354 sibi
2001 2288 2192 2352 finxit
2229 2288 2308 2352 ad
2347 2287 2526 2353 Salat
2562 2286 2852 2371 fluvium,

329 2397 419 2460 ita
478 2396 660 2462 Salat
724 2396 1072 2461 australem
1129 2396 1255 2461 sibi
1310 2396 1574 2461 finxisse
1632 2397 1713 2461 ad
1766 2395 2103 2460 Atlantem
2158 2394 2482 2460 maiorem.
2582 2394 2851 2460 Verum-

328 2508 552 2569 tamen
589 2504 1048 2569 assentientem
1086 2496 1282 2568 etiam
1319 2504 1440 2569 hac
1477 2504 1546 2568 in
1582 2526 1652 2568 re
1688 2527 1792 2569 me
1828 2503 2029 2567 habet
2066 2502 2354 2588 Mueller,
2393 2501 2566 2586 quod
2592 2500 2853 2588 Agnam

331 2634 590 2696 quoque
635 2612 877 2676 flumen
924 2634 1004 2675 ex
1051 2611 1664 2695 septentrionalibus
1700 2608 2140 2675 Mauretaniae
2188 2609 2563 2696 regionibus
2609 2613 2851 2673 temere

329 2718 455 2783 11116
517 2718 847 2783 detrusum
904 2741 1040 2783 esse
1098 2717 1398 2802 opinatus
1454 2721 1552 2781 est
1607 2740 1725 2782 nec
1780 2739 1912 2782 non
1956 2716 2212 2802 Valam;
2268 2739 2545 2801 namque
2598 2740 2636 2780 a
2680 2716 2851 2780 Mela

333 2825 458 2913 (III
503 2823 662 2911 107)
709 2823 849 2890 Gna
893 2824 1128 2889 fluvius
1175 2824 1528 2889 collocatur
1570 2846 1775 2908 prope
1818 2823 2265 2909 Ampelusiam
2312 2824 2852 2908 promunturium,

331 2932 501 2997 Vala
546 2955 697 2997 vero
745 2932 915 2997 idem
962 2955 1100 2997 esse
1146 2932 1419 3017 videtur,
1466 2932 1576 3016 qui
1624 2935 1721 2996 est
1757 2930 1971 2997 Valon
2007 2931 2158 2996 freti
2198 2930 2497 2996 Gaditani
2535 2931 2643 3019 (cf.
2682 2932 2850 2995 Ptol.

334 3038 426 3106 IV
469 3042 529 3124 1,
557 3037 629 3126 5)
641 3037 711 3126 2).

513 3146 761 3211 Eiectis
806 3169 956 3212 vero
1006 3147 1304 3212 omnibus
1314 3196 1331 3231 ,
1389 3170 1551 3231 quae
1598 3170 1831 3232 pravae
1879 3151 2135 3212 tantum
2181 3144 2468 3232 opinioni
2517 3083 2851 3231 debentur,

329 3276 658 3340 perpauca
703 3258 975 3340 restant,
1032 3277 1305 3338 quorum
1350 3276 1482 3319 non
1527 3254 1656 3318 iam
1702 3254 1830 3318 alio
1880 3254 2343 3318 sententiarum
2389 3276 2558 3317 nexu
2605 3254 2848 3317 mentio

331 3364 508 3427 facta
553 3361 655 3426 sit.
736 3361 1121 3426 Laudandus
1166 3361 1413 3447 primus
1461 3365 1560 3426 est
1597 3363 1832 3426 Κούσα
1878 3363 2168 3447 ποταμός
2216 3361 2327 3445 (1111
2382 3382 2552 3424 1111116
2590 3361 2850 3446 (1111(16111

334 3469 758 3554 subsequitur
830 3468 1006 3533 Salat
1070 3469 1336 3555 flumen3
1400 3469 1618 3553 itaque
1683 3490 1892 3552 neque
1958 3472 2056 3532 est
2130 3470 2262 3561 Ued
2322 3469 2595 3554 Merzek,
2661 3467 2851 3533 sicuti

333 3576 657 3642 Tissotius
700 3576 908 3641 voluit
954 3574 1047 3664 (p.
1088 3574 1269 3663 236),
1314 3598 1521 3660 neque
1568 3597 1827 3640 causam
1872 3575 2076 3659 video,
2124 3597 2237 3639 cur
2274 3597 2420 3640 cum
2454 3574 2733 3641 ‘Vivieno
2773 3576 2849 3639 de

336 3708 413 3750 eo
461 3684 886 3771 desperemuS,
924 3683 1034 3768 qui
1082 3683 1195 3748 ‘Le
1234 3683 1443 3748 Oousa
1482 3683 1618 3748 doit
1655 3682 1814 3747 etre'
1855 3681 2068 3765 inquit
2105 3681 2194 3770 (p.
2235 3678 2395 3768 360)
2436 3683 2545 3746 ‘un
2583 3686 2850 3747 courant

337 3793 414 3857 de
463 3792 617 3857 bien
659 3814 789 3877 peu
844 3791 1329 3875 d'importance,
1385 3813 1492 3855 car
1546 3812 1791 3854 aucune
1848 3790 1934 3852 de·
1971 3811 2090 3854 nos
2147 3794 2354 3854 cartes
2406 3789 2551 3854 n'en
2596 3795 2850 3854 montre

335 3900 402 3964 la
452 3898 677 3965 trace':
734 3899 946 3963 immo*
988 3899 1098 3983 qui
1154 3897 1521 3962 meminerit
1568 3919 1708 3960 eam
1756 3918 1918 3980 quae
1963 3894 2058 3959 IV
2095 3898 2154 3980 6,
2194 3899 2234 3960 2
2281 3896 2523 3981 legitur
2568 3898 2850 3962 'nominis

335 4009 610 4072 formam
689 4028 822 4070 non
893 4003 1308 4089 infitiabitur,
1384 4026 1531 4068 eum
1594 4026 1725 4068 non
1797 4002 2131 4068 diversum
2185 4026 2322 4068 esse
2388 4004 2471 4067 ab
2536 4004 2847 4070 hodierno

350 4113 478 4180 Ued
518 4113 833 4197 Schcrrab,
892 4112 1073 4178 cuius
1129 4112 1368 4177 ostium
1423 4134 1675 4195 reapse,
1731 4094 1923 4175 sicuti
1987 4110 2323 4197 flagitatur
2385 4112 2587 4176 altera
2639 4112 2852 4176 Ptole-

338 4220 502 4284 maei
576 4223 732 4285 nota
795 4218 917 4306 (IV
966 4222 1033 4306 6,
1079 4217 1181 4307 2),
1262 4242 1300 4283 a
1366 4218 1600 4283 Salatis
1672 4218 1934 4283 tertiam
2007 4218 2245 4305 gradus
2317 4222 2569 4302 partem
2642 4218 2846 4282 abest.

515 4402 567 4466 1)
604 4396 678 4452 cf.
717 4397 918 4452 Vivien
955 4416 1009 4468 p.
1041 4402 1162 4451 363.

512 4491 567 4556 2)
602 4485 883 4542 Tissotius
920 4491 993 4556 (p.
1025 4489 1153 4554 253)
1191 4486 1412 4540 censuit
1452 4485 1613 4542 Οὔνα
1650 4484 1881 4541 fluvium
1921 4502 2043 4541 esse
2081 4485 2414 4542 hodiernum
2460 4484 2571 4540 Ued
2605 4484 2846 4556 Tefet‘na,

329 4569 526 4646 ’Ἅνναν
572 4575 685 4632 Ued
720 4576 823 4632 Ait
859 4578 1052 4645 Amer,
1092 4574 1253 4629 Σάλα
1290 4573 1498 4629 flumen
1546 4577 1660 4630 Ued
1702 4577 1981 4632 Tamrakt.
2055 4574 2127 4630 cf.
2166 4574 2368 4629 Vivien
2407 4574 2478 4628 de
2516 4575 2597 4631 St.
2635 4575 2847 4629 Mat-tin

342 4683 393 4735 p.
423 4673 543 4745 366.
