3467 5334
627 377 751 441 128
1678 359 1684 364 ’
1727 374 1910 446 Caput
1943 374 2040 431 111.
2072 347 2079 353 ⁰

622 539 733 624 qui
770 540 856 629 (v.
891 544 1019 607 174
1039 538 1209 626 sqq.)
1245 540 1525 623 Libyam
1563 540 1804 604 eisdem
1840 541 1974 605 fere
2011 539 2229 604 verbis
2264 539 2561 625 depingit
2608 539 2845 624 quibus
2883 536 3140 604 Strabo.

619 647 771 713 Non
807 648 1050 732 poterit
1089 651 1306 711 autem
1341 647 1543 711 latere
1585 668 1867 731 quonam
1912 647 2330 711 fundamento
2368 651 2581 712 totum
2617 647 2741 711 hoc
2777 646 3142 711 aedificium

620 759 1022 819 exstructum
1066 745 1188 820 sit:
1242 754 1338 818 nil
1394 754 1568 817 enim
1622 753 2012 838 relinquitur
2073 754 2198 818 nisi
2255 758 2327 818 ut
2382 754 2620 819 iterum
2675 755 2756 818 ad
2801 753 3141 818 Hannonis
3262 776 3267 781 ·

619 862 948 946 periplum
995 861 1459 948 confugiamus
1542 860 1805 926 Itineris
1851 862 2192 927 Hannonei
2240 861 2388 926 finis
2434 863 2645 926 fuerat
2688 861 2850 927 Noti
2900 862 3137 937 Cornu3

617 969 790 1033 idem
833 992 1070 1034 nomen
1115 969 1394 1034 inditum
1441 973 1578 1033 erat
1625 969 1855 1033 ultimo
1904 967 2236 1033 orientalis
2273 968 2603 1052 Libyanae
2643 990 2791 1032 orae
2838 991 3141 1052 promun-

616 1076 787 1141 turio
816 1074 925 1164 (cf.
956 1075 1191 1141 Strabo
1220 1075 1406 1141 XVH
1441 1078 1503 1162 4,
1538 1079 1620 1141 14
1657 1100 1720 1161 p.
1754 1079 1788 1141 7
1800 1078 1884 1141 74
1910 1073 2006 1162 C).
2080 1075 2307 1160 Itaque
2337 1075 2642 1159 proclivis
2671 1079 2809 1139 erat
2838 1073 3142 1158 suspiciO,

617 1181 955 1248 Hannonis
1001 1186 1234 1249 Νότου
1280 1184 1499 1269 Κέρας
1543 1207 1678 1248 11611
1723 1184 2046 1249 diversum
2094 1205 2231 1248 esse
2278 1182 2362 1248 ab
2410 1180 2802 1269 orientali¹);
2845 1204 2964 1246 nec
3008 1180 3140 1244 iam

620 1313 695 1354 ea
756 1290 909 1355 huic
964 1291 1367 1356 coniecturae
1424 1290 1645 1356 obstat
1700 1292 2075 1377 difficultas,
2140 1313 2334 1375 quam
2386 1290 2660 1354 Mueller
2715 1290 2926 1374 affert,
2990 1310 3141 1353 cum

617 1397 789 1460 dicat
841 1398 1181 1464 Hannonis
1225 1398 1388 1465 Noti
1437 1397 1651 1464 Cornu
1698 1399 1913 1464 sinum
1958 1422 2122 1485 esse,
2174 1398 2485 1463 orientale
2531 1396 2693 1461 illud
2729 1394 2947 1480 Κέρας
2993 1416 3138 1479 pro-

616 1506 1034 1571 munturium.
1127 1505 1250 1582 Qui
1287 1528 1438 1571 vero
1479 1506 1560 1569 ad
1595 1506 1770 1570 hunc
1806 1529 2008 1591 usque
2056 1506 2404 1571 terminum
2449 1504 2836 1569 Hannonem
2882 1501 3139 1589 naviga-

615 1612 792 1677 tione
839 1617 1212 1697 penetrasse
1260 1612 1531 1677 credidit
1566 1611 1676 1701 (cf.
1711 1613 1878 1678 Plin.
1908 1612 1971 1678 H
2000 1616 2103 1699 67,
2136 1610 2314 1699 169),
2357 1611 2716 1676 necessario
2754 1610 2821 1674 id
2858 1609 3141 1674 debebat

617 1742 895 1804 sumere,
960 1742 1108 1784 eum
1173 1741 1301 1784 uno
1368 1724 1673 1804 certoque
1729 1720 1873 1785 loco
1930 1719 2055 1784 iter
2109 1718 2392 1784 flexisse:
2456 1717 2646 1782 aliter
2701 1717 2873 1781 enim
2929 1738 3009 1780 ex
3065 1738 3139 1779 ea

614 1826 1054 1913 navigatione,
1121 1849 1283 1912 quae
1350 1825 1431 1890 ad
1496 1830 1713 1891 ortum
1780 1827 1936 1891 solis
2000 1825 2459 1909 meridiemque
2524 1847 2831 1889 conversa
2885 1824 3014 1888 iam
3068 1823 3139 1887 in

619 1931 878 1998 Cernae
917 1933 1165 1997 insulae
1220 1933 1485 2019 regione
1545 1931 1957 2021 Carthaginis
2012 1932 2437 1997 meridianum
2491 1936 2785 1997 assecuta
2839 1936 3004 2016 erat,
3061 1952 3138 1994 66

619 2062 751 2103 11611
788 2041 1007 2124 potuit
1053 2040 1406 2125 pervenire.
1496 2040 1636 2107 Nec
1675 2041 1812 2127 din,
1859 2041 2117 2125 opinor,
2162 2038 2601 2124 haesitabant,
2649 2061 2993 2124 quemnam
3031 2037 3139 2101 eli-

615 2152 843 2233 gerent
879 2148 1119 2213 locum:
1165 2147 1472 2212 nimirum
1520 2169 1666 2211 cum
1709 2146 1893 2212 Notu
1942 2146 2159 2232 Κέρας
2204 2147 2401 2210 finem
2446 2169 2585 2211 esse
2632 2149 2940 2231 putarent
2988 2167 3137 2209 orae

617 2254 1025 2340 meridianae,
1069 2278 1187 2319 nec
1234 2253 1496 2318 difficile
1545 2258 1682 2318 erat
1726 2277 1846 2318 nec
1888 2254 2186 2339 ineptum
2222 2253 2369 2317 inde
2409 2254 2804 2338 concludere,
2851 2253 3139 2318 occiden-

612 2363 763 2426 talis
835 2363 1047 2428 litoris
1120 2363 1469 2427 terminum
1544 2362 1895 2449 significari
1968 2361 2288 2446 Hesperio
2362 2361 2833 2446 promunturia
2953 2359 3138 2438 Quod

613 2474 830 2535 autem
874 2470 946 2535 in
990 2493 1066 2535 66
1112 2469 1363 2534 1131116116
1410 2473 1624 2555 parte,
1671 2492 1836 2554 quae
1883 2470 1967 2534 ab
2015 2469 2243 2537 altero,
2268 2468 2543 2533 alterum
2589 2490 2812 2533 versus
2858 2467 3136 2551 pertine-

613 2576 753 2661 bat,
809 2575 1043 2640 Hanno
1090 2597 1209 2640 nec
1264 2598 1552 2659 unquam
1608 2599 1891 2660 quonam
1938 2598 2197 2640 cursum
2243 2576 2592 2641 adverterit
2637 2574 2972 2640 adnotavit
3016 2595 3137 2637 1166

616 2705 654 2746 6
699 2688 876 2748 166136
910 2684 1016 2749 via
1053 2706 1121 2749 se
1168 2683 1522 2749 declinasse
1571 2684 1755 2770 dixit,
1802 2688 1978 2749 recta
2013 2684 2185 2748 linea
2222 2684 2501 2768 Hesperi
2542 2683 2756 2749 Cornu
2794 2706 2940 2747 cum
2975 2681 3139 2747 Noti

610 2792 1064 2874 promunturio
1140 2791 1556 2856 coniunctum
1620 2792 1959 2877 fingebant
2024 2813 2226 2875 eaque
2292 2791 2602 2875 parallela
2667 2813 2815 2857 orae
2881 2793 3136 2874 septen-

527 2938 531 2942 ·
613 2897 891 2962 trionali.
966 2898 1193 2982 Itaque
1235 2898 1518 2984 minime,
1557 2902 1631 2963 ut
1669 2898 1763 2962 ait
1798 2898 2073 2963 Mueller
2109 2896 2304 2985 (prol.
2343 2921 2405 2981 p.
2434 2895 2760 2984 XXVIII),
2796 2894 3137 2961 Hannonis

608 3004 735 3068 iter
796 3004 1270 3069 transtulerunt
1333 3007 1583 3069 veteres
1648 3005 1729 3068 ad
1797 3027 1938 3068 eam
1990 3004 2238 3089 Libyae
2298 3005 2601 3091 figuram,
2669 3028 2862 3090 quam
2918 3002 3134 3068 nescio

610 3110 778 3175 unde
834 3111 963 3175 sibi
1020 3110 1572 3198 excogitaverant,
1639 3112 1750 3176 sed
1805 3110 2128 3176 contraria
2180 3111 2285 3176 via
2338 3111 2503 3176 inita
2556 3111 2804 3196 Libyae
2859 3111 3136 3175 formam

611 3240 691 3282 ex
728 3217 1070 3284 Hannonis
1114 3218 1447 3284 itinerario
1495 3218 2059 3284 adumbraverunt.
2210 3212 2218 3223 ’

787 3326 862 3391 Id
916 3350 1117 3395 unum
1173 3326 1378 3414 igitur
1433 3326 1640 3391 adhuc
1697 3326 1970 3392 dubium
2025 3330 2150 3410 est,
2207 3349 2550 3412 quemnam
2605 3329 2745 3392 tota
2790 3326 2950 3391 haec
2996 3348 3134 3390 sen-

607 3435 814 3499 tentia
867 3434 1173 3501 habuerit
1231 3437 1576 3499 auctorem.
1651 3432 1748 3498 At
1794 3438 1866 3498 ut
1915 3433 2121 3499 dicam
2177 3433 2333 3517 quid
2389 3434 2691 3520 sentiam,
2751 3433 2819 3498 id
2875 3455 3133 3518 quoque

609 3542 797 3607 facile
844 3541 1291 3625 constituitur3
1344 3540 1653 3606 nimirum
1698 3539 2047 3625 Pomponii
2094 3539 2302 3605 Melae
2349 3544 2416 3605 et
2459 3540 2658 3607 Plinii
2704 3540 3133 3606 relationibus

611 3649 912 3714 reicimur
960 3648 1041 3713 ad
1091 3647 1506 3713 temerarium
1544 3647 1745 3712 istum
1786 3646 2170 3733 Cyzicenum
2206 3648 2621 3714 Eudoxum.
2700 3648 2878 3713 Haec
2915 3654 3132 3713 autem

612 3756 979 3821 coniectura
1025 3755 1286 3843 egregie
1333 3755 1628 3821 firmatur
1674 3754 1803 3820 alia
1849 3755 2326 3821 observatione:
2371 3757 2650 3821 vidimus
2697 3779 2911 3841 supra,
2953 3754 3133 3820 Posi-

612 3862 875 3927 donium
955 3863 1284 3928 Rhodium
1357 3862 1613 3928 novisse
1686 3863 1894 3948 ipsius
1965 3863 2159 3929 huius
2232 3863 2491 3930 Eudoxi
2564 3863 2837 3928 fabellas
2912 3863 3132 3948 eisque

609 3969 802 4033 fidem
857 3970 1192 4056 tribuisse3
1247 3970 1378 4034 iam
1433 3992 1584 4034 vero
1643 3992 1723 4035 ex
1776 3970 2126 4036 Posidonio
2183 3970 2309 4036 toti
2362 3970 2649 4054 pendent
2704 3970 2817 4056 qui
2873 3974 3132 4055 praeter

607 4076 845 4141 Melam
911 4081 974 4143 et
1027 4077 1315 4142 Plinium
1367 4077 1617 4162 Libyae
1659 4078 1966 4163 'speciem
2022 4101 2168 4143 cum
2222 4076 2512 4161 trapezio
2566 4080 3131 4163 comparaverunt,

610 4182 846 4249 Strabo
904 4188 969 4248 et
1014 4183 1366 4268 Dionysius
1411 4184 1801 4271 Periegetes.
1892 4184 2085 4249 Hunc
2142 4207 2281 4249 eam
2338 4207 2532 4269 quam
2587 4184 2857 4250 exhibet
2907 4183 3132 4248 mundi

610 4292 886 4378 figuram
943 4290 1420 4374 deprompsisse
1481 4314 1515 4355 e
1560 4290 1909 4355 Posidonio
1920 4341 1938 4375 ,
1996 4291 2105 4376 qui
2161 4294 2649 4377 σφενδονοειδῆ
2706 4296 2947 4358 terram
2994 4313 3133 4356 esse

609 4399 961 4463 affirmarat
1027 4394 1135 4486 (cf.
1190 4397 1431 4484 Agath.
1478 4397 1510 4462 I
1561 4401 1619 4463 2.
1692 4397 1968 4463 Mueller
2024 4422 2084 4482 9.
2115 4422 2211 4482 qr.
2248 4422 2329 4465 m.
2365 4398 2429 4464 H
2463 4402 2615 4465 471.
2686 4399 2870 4464 Eust.
2919 4398 3001 4463 ad
3045 4398 3132 4464 «Β.

791 4632 843 4699 1)
880 4629 950 4684 cf.
982 4628 1242 4686 Mannert
1269 4630 1321 4683 X
1344 4636 1367 4683 1
1399 4647 1454 4699 p.
1477 4636 1559 4685 76.
1584 4636 1631 4686 2.
1661 4647 1716 4699 p.
1740 4633 1861 4684 502.
1909 4627 2146 4683 Mueller
2163 4630 2308 4700 prol.
2341 4647 2395 4698 p.
2418 4629 2670 4684 XXVlH.
2719 4627 2936 4684 Goebel
2960 4646 3018 4699 p.
3042 4635 3126 4685 61.
3248 4654 3255 4661 ·
