3467 5334
570 399 654 467 68
1319 408 1324 414 ’
1679 397 1872 468 'Caput
1907 396 1946 454 1.
2041 457 2044 462 ,

569 565 1034 651 ἀντίπορθμον
1069 576 1209 641 τοῖς
1248 565 1596 649 Γαδείροις
1635 562 1706 628 ἐν
1748 564 2058 649 διᾶρματι
2106 564 2397 628 σταδίων
2436 559 2868 643 ὀκτακοσίων,
2917 558 3082 625 ὅσον

573 671 845 758 ἑκάτερα
912 670 1113 757 διέχει
1177 680 1297 737 τοῦ
1359 672 1523 736 κατὰ
1588 672 1702 748 τὰς
1749 673 2014 753 Στήλας
2066 676 2399 755 πορθμοῦ.
2491 667 2740 733 Εο11310
2795 666 3082 752 pertinet

570 779 744 865 quod
771 778 1007 844 Strabo
1027 777 1212 844 XVII
1233 781 1293 863 3,
1314 780 1352 844 8
1384 801 1443 862 p.
1468 775 1658 844 8290
1697 775 1992 842 exhibet:
2024 770 2498 861 Ἀρτεμίδωρος
2527 774 2585 841 δ’
2617 770 3083 861 Ἐρατοσθένει

570 884 692 972 μὲν
730 885 1075 970 ἀντιλέγει,
1117 888 1286 952 διότι
1316 885 1524 964 Λίξον
1560 886 1710 950 τινά
1749 901 1913 969 φησι
1952 882 2328 968 πόλινπερὶ
2355 884 2435 947 τὰ
2463 885 2630 968 ἄκρα
2658 891 2771 967 τῆς
2798 886 3082 967 Μαυρυ-

569 996 718 1071 σίας
770 995 852 1058 τὰ
916 992 1186 1079 ἑσπέρια
1241 989 1390 1057 ἀντὶ
1435 995 1718 1076 Λυγγός.
1812 989 1890 1059 10
1945 992 2201 1056 duobus
2263 990 2367 1055 his
2425 990 2586 1055 locis
2632 988 3085 1083 Strabonianis

570 1102 695 1166 duo
753 1106 933 1186 sunt,
998 1099 1237 1186 quibus
1293 1100 1613 1165 offendor:
1678 1099 1961 1184 primum
2017 1099 2084 1163 id
2126 1120 2264 1163 non
2308 1096 2522 1182 capi0,
2588 1096 2909 1180 quomodo
2957 1118 3086 1160 una

570 1209 919 1294 eademque
984 1208 1143 1273 urbs
1208 1210 1273 1272 et
1338 1228 1545 1291 prope
1612 1205 1804 1297 Oetes
1874 1204 2400 1292 promunturium
2465 1226 2602 1268 esse
2666 1203 2956 1288 potuerit
3023 1206 3088 1267 et

571 1316 945 1403 octingenta
1008 1314 1216 1379 stadia
1273 1314 1511 1378 distare
1567 1313 1651 1378 ab
1699 1313 2000 1379 Herculis
2056 1311 2392 1379 0011110013.
2482 1310 2652 1376 Dein
2705 1312 2893 1397 latet,
2959 1334 3087 1396 quo

570 1423 709 1490 iure
757 1423 993 1488 Strabo
1060 1421 1402 1506 parvulum
1458 1420 1774 1505 oppidum
1826 1404 2063 1484 Lixum
2115 1419 2579 1505 nominaverit3
2640 1443 2792 1484 nam
2848 1423 3089 1484 temere

573 1535 756 1618 agat,
821 1530 932 1615 qui
989 1529 1057 1593 id
1113 1528 1357 1593 dictum
1421 1550 1559 1592 esse
1615 1531 1908 1592 autumet
1973 1527 2051 1591 de
2115 1550 2191 1591 ea
2250 1527 2440 1613 urbe,
2505 1549 2667 1610 quae
2713 1526 2862 1591 Lixi
2919 1526 3088 1591 ostio

573 1637 937 1702 adiacebat:
976 1658 1139 1720 quae
1178 1640 1242 1699 et
1279 1635 1555 1700 vetustis
1593 1635 2002 1723 temporibus
2039 1634 2281 1722 insigni
2318 1634 2517 1699 fuisse
2554 1635 2809 1699 videtur
2844 1633 3091 1720 magni-

575 1744 798 1810 tudine
846 1743 954 1834 (cf.
994 1743 1161 1827 Scyl.
1210 1747 1249 1824 §
1289 1740 1447 1830 112)
1495 1746 1560 1807 et
1604 1742 2046 1808 Romanorum
2093 1745 2306 1806 aetate
2353 1763 2748 1828 magnopere
2794 1740 3090 1805 floruisse

570 1850 681 1940 (cf.
709 1849 956 1915 Plin.V
979 1852 1035 1934 1,
1065 1851 1122 1915 3.
1179 1848 1375 1913 Solin.
1407 1851 1554 1915 243.
1620 1848 1769 1913 Itin.
1801 1873 1863 1934 p.
1889 1846 1974 1935 7).
2049 1849 2255 1926 Quam
2294 1849 2744 1913 difficultatem
2779 1847 3091 1912 Barthius

570 1956 1091 2046 (Wanderunyen
1128 1955 1160 2021 I
1196 1980 1258 2041 p.
1293 1958 1391 2021 19.
1423 1954 1557 2043 49),
1596 1956 1779 2021 cuius
1806 1956 2101 2043 vestigiis
2131 1956 2373 2021 institit
2408 1956 2682 2020 Mueller
2718 1953 2844 2043 (ad.
2876 1954 3090 2020 Strab.

573 2088 637 2149 p.
678 2066 825 2130 701.
863 2064 921 2130 5.
962 2064 1042 2128 ad
1077 2063 1245 2128 Ptol.
1282 2062 1377 2127 IV
1422 2066 1478 2148 1,
1516 2065 1557 2128 2
1604 2087 1666 2148 p.
1706 2061 1887 2151 573),
1934 2064 2027 2129 ita
2072 2087 2398 2130 removere
2446 2064 2713 2149 studuit,
2759 2068 2833 2128 ut
2888 2061 3089 2148 Τρίγξ

570 2171 638 2236 10
704 2171 897 2258 Tingi
973 2171 1200 2256 oppidi
1273 2172 1469 2242 variis
1542 2172 1921 2238 nominibus
1989 2173 2280 2237 haberet.
2380 2172 2472 2237 At
2548 2194 2864 2256 quaenam
2936 2170 3089 2235 hinc

575 2277 769 2343 nobis
825 2279 1187 2343 efflorescat
1242 2277 1494 2342 utilitas
1556 2301 1690 2344 non
1751 2301 2082 2365 assequor3
2136 2302 2289 2344 nam
2342 2302 2552 2364 neque
2609 2279 2886 2344 alterum
2931 2276 3093 2341 illud

570 2407 808 2450 nomen
868 2408 1078 2471 neque
1137 2385 1590 2450 distantiarum
1648 2391 1808 2451 nota
1872 2387 1953 2451 ad
2015 2386 2394 2451 hodiernam
2455 2389 2699 2470 Tanyer
2754 2385 3090 2470 quadrant.

572 2491 814 2570 Quodsi
869 2515 1020 2557 vero
1067 2491 1388 2557 Tissotius
1434 2492 1527 2581 (p.
1568 2490 1730 2579 204)
1788 2493 1855 2557 id
1908 2492 2450 2557 verisimillimum
2505 2493 2719 2578 duxit,
2773 2492 3091 2557 Punicum

569 2621 808 2664 nomen
855 2600 1022 2683 Λίγξ
1086 2598 1420 2664 berberice
1497 2600 1742 2665 dictum
1807 2623 1946 2664 esse
2011 2598 2238 2684 Τλίγξ,
2304 2599 2472 2664 hanc
2534 2604 2752 2665 autem
2816 2599 3091 2664 formam

573 2706 786 2771 abisse
843 2705 991 2770 dein
1044 2705 1113 2770 in
1167 2705 1732 2773 Eratosthenicam
1788 2708 1970 2771 illam
2033 2706 2265 2792 Τρίγξ,
2331 2712 2482 2791 post
2538 2731 2612 2771 ea
2672 2729 2836 2792 quae
2892 2730 3091 2791 supra

569 2814 792 2879 monui
839 2837 987 2878 eum
1033 2812 1415 2900 impugnare
1464 2837 2012 2899 supervacaneum
2059 2817 2174 2878 est.
2257 2813 2579 2898 Equidem
2625 2815 2706 2879 ad
2741 2816 2866 2880 hoc
2912 2814 3089 2879 auxi-

568 2919 731 2986 lium
788 2920 1126 3004 1133030110,
1192 2925 1265 2984 ut
1321 2922 1731 3008 contendam,
1781 2921 2168 2987 Strabonem
2226 2921 2350 2986 duo
2408 2923 2649 3006 oppida
2706 2922 3090 3006 confudisse,

574 3027 747 3112 quod
791 3028 1024 3093 vitium
1070 3051 1262 3112 saepe
1310 3028 1634 3093 commisit
1678 3027 2082 3113 Amasensis‚
2135 3051 2268 3119 non
2322 3051 2473 3094 vero
2520 3028 2756 3093 Lixum
2804 3029 3092 3095 occiden-

573 3134 771 3198 talem
827 3138 892 3197 et
956 3133 1177 3220 Tingi,
1239 3136 1351 3199 sed
1406 3134 1586 3199 illam
1642 3158 1789 3200 cum
1845 3136 2229 3224 cognomine
2297 3137 2459 3201 urbe
2525 3146 2871 3221 perparva.
2928 3159 3092 3221 quae

571 3241 653 3305 ad
700 3240 880 3306 Cotis
935 3241 1371 3326 promunturii
1427 3242 1674 3307 radices
1721 3243 1848 3307 sita
1895 3248 2059 3309 erat:
2120 3244 2213 3307 ita
2269 3243 2516 3328 optime
2572 3245 2981 3329 explicantur
3026 3250 3092 3309 et

571 3347 912 3415 Strabonis
958 3350 1084 3415 duo
1132 3350 1228 3414 illi
1275 3349 1401 3414 loci
1449 3355 1514 3414 et
1550 3350 1887 3416 Plinianus
1933 3351 2125 3416 modo
2164 3351 2484 3438 laudatuS‚
2530 3352 2776 3437 optime
2815 3353 3091 3438 denique

570 3455 768 3520 etiam
814 3456 1131 3541 Stephani
1175 3457 1476 3541 Byzantii
1534 3458 1697 3522 duae
1746 3459 2028 3545 glossae,
2090 3481 2363 3542 quarum
2419 3459 2624 3524 altera
2677 3459 2921 3548 legitur
2967 3462 3090 3525 sub

570 3561 872 3628 lemmate
922 3566 1197 3649 Θρίγκη,
1246 3563 1361 3627 ubi
1408 3565 1594 3630 haec:
1641 3569 1895 3651 Θρίγκη
1942 3569 2134 3644 πόλις
2178 3564 2331 3650 περὶ
2375 3568 2490 3643 τὰς
2537 3570 2818 3652 Στήλας.
2901 3565 3093 3634 Ἑκα-

569 3682 753 3749 ταῖος
794 3668 999 3758 Ἀσίᾳ,
1047 3669 1251 3734 altera
1289 3672 1411 3736 sub
1450 3694 1604 3737 voce
1646 3676 1882 3758 Θίγγη,
1929 3672 2049 3761 ubi
2086 3673 2405 3758 scriptum
2441 3678 2567 3740 est:
2611 3678 2856 3759 Θίγγη,
2901 3678 3095 3753 πόλις

572 3778 849 3862 Λιβύης.
930 3774 1273 3854 Ἑκαταῖος
1335 3782 1740 3865 περιηγήσει.
1838 3779 2151 3846 Hecataei
2220 3783 2473 3866 Θρίγκη
2547 3782 2895 3861 manifesto
2958 3805 3094 3847 non

572 3882 823 3949 diversa
887 3889 985 3949 est
1050 3886 1133 3949 ab
1202 3908 1276 3949 ea
1341 3884 1531 3972 urbe,
1597 3909 1793 3971 quam
1859 3889 2178 3954 barbaros
2253 3890 2504 3972 Τρίγγα
2566 3912 2795 3955 vocare
2852 3888 3090 3955 Strabo

570 3995 874 4077 testatur-3
921 3992 1141 4077 itaque
1189 3993 1386 4078 vulgo
1437 3993 1658 4057 eadem
1703 3994 1987 4061 habetur
2034 4000 2231 4080 atque
2278 3994 2591 4060 hodierna
2631 3998 2900 4084 Tanyer3
2947 4019 3093 4062 cum

568 4122 719 4165 vero
757 4098 917 4162 haec
955 4104 1179 4183 aperte
1227 4100 1629 4185 significetur
1667 4102 1872 4166 altero
1914 4124 2172 4187 quoque
2210 4101 2326 4167 illo
2364 4104 2730 4190 fragmento
2770 4102 2878 4193 (cf.
2916 4104 3092 4169 Mela

569 4207 601 4272 I
629 4209 689 4291 5,
719 4209 822 4272 26.
891 4205 1128 4271 Strabo
1165 4206 1352 4271 XVII
1390 4210 1448 4293 3,
1478 4210 1537 4273 6.
1620 4207 1791 4273 Plut.
1830 4209 1991 4274 Sert.
2033 4212 2091 4275 9.
2166 4211 2482 4297 Forbiyer‚
2522 4214 2690 4278 Hdb.
2727 4210 2792 4277 H
2829 4214 3090 4296 874s75.

571 4316 928 4382 Wilmarms
975 4313 1042 4379 O.
1085 4313 1133 4379 I.
1178 4314 1250 4379 L.
1286 4313 1442 4379 VIH
1488 4312 1677 4401 854),
1731 4319 1846 4379 aut
1901 4316 2227 4381 Hecataeo
2287 4318 2646 4402 opprobrio
2703 4320 2887 4405 dant,
2943 4342 3091 4384 eum

571 4422 729 4488 duas
803 4421 1088 4487 eiusdem
1150 4421 1433 4486 nominis
1505 4422 1748 4487 formas
1821 4423 1892 4488 in
1966 4423 2090 4489 duo
2157 4425 2401 4509 oppida
2469 4426 2637 4490 male
2712 4426 3093 4491 distraxisse

569 4528 679 4616 (cf.
729 4530 1011 4596 Meineke
1055 4532 1191 4596 edit.
1241 4553 1303 4614 p.
1342 4532 1491 4615 318,
1537 4529 1597 4595 5.
1680 4531 1951 4597 Mueller
1994 4532 2077 4596 ad
2121 4532 2287 4597 Ptol.
2324 4532 2419 4598 IV
2462 4535 2518 4619 1,
2555 4536 2597 4598 2
2644 4556 2708 4618 p.
2746 4531 2927 4620 574),
2972 4536 3091 4597 aut

568 4636 868 4722 Thingen
894 4660 1132 4702 nomen
1161 4636 1421 4721 saepius
1449 4636 1520 4702 in
1546 4636 1761 4723 Libya
1788 4637 2056 4705 obvium
2091 4639 2202 4727 (cf.
2233 4642 2500 4707 Mueller
2527 4642 2609 4706 ad
2635 4639 2805 4706 Ptol.
2833 4639 2928 4705 IV
2962 4644 3019 4727 1,
3047 4643 3091 4705 3
