3467 5334
496 417 580 479 12
1616 414 1800 482 Caput
1836 415 1876 467 1.

493 584 802 664 quattuor
858 579 993 645 dies
1047 579 1384 664 navigasse
1432 577 1894 642 contendamus
1904 628 1920 660 ,
1978 577 2105 640 huc
2159 599 2288 640 non
2345 576 2485 641 leve
2541 575 2794 660 pondus
2840 574 3002 640 aliae

492 686 736 750 addunt
801 708 1044 750 causae.
1137 686 1457 751 Videlicet
1513 686 1748 769 Scylax
1794 684 1834 748 l.
1880 684 1921 748 l.
1969 689 2193 749 auctor
2249 689 2373 768 est,
2434 684 2804 749 Soloentem
2860 705 3003 765 pro-

486 793 893 858 munturium
931 794 999 858 in
1036 817 1211 858 mare
1250 793 1604 877 plurimum
1641 790 2024 876 prominere.
2107 789 2243 854 Iam
2283 813 2584 873 compara
2621 788 2801 873 mihi,
2841 811 3007 872 quae*

489 900 866 965 recentioris
895 901 1125 965 aetatis
1152 905 1386 964 nautae
1416 923 1488 964 ac
1516 900 1797 965 viatores
1825 898 2131 963 rettulere
2158 899 2345 962 haec:
2376 899 2656 981 ‘lorsque
2681 897 2809 960 l’on
2832 895 3006 959 vient

492 1007 577 1072 du
622 1007 826 1090 nord',
873 1008 966 1071 ait
1001 1008 1141 1071 Mer
1183 1007 1252 1094 (l.
1292 1008 1332 1071 l.
1371 1031 1432 1091 p.
1473 1004 1609 1093 26),
1656 1007 1761 1070 ‘en
1808 1006 2062 1070 suivant
2100 1006 2163 1069 la
2188 1009 2342 1086 ,cote
2380 1009 2418 1068 a
2456 1003 2662 1088 petite
2701 1003 3006 1087 distance,

489 1115 549 1178 le
598 1137 714 1198 cap
758 1114 1008 1197 Cantin,
1054 1117 1186 1178 tres
1232 1115 1701 1198 remarquable,
1748 1117 1880 1178 tres
1928 1117 2205 1198 escarpe,
2252 1133 2320 1176 se
2360 1111 2609 1176 dessine
2645 1115 3005 1175 nettement

489 1245 601 1286 sur
646 1222 706 1285 10
769 1222 916 1306 ciel,
981 1243 1226 1285 comme
1284 1220 1382 1284 s'il
1443 1220 1603 1285 etait
1658 1220 1721 1284 la
1776 1221 1985 1304 partie
2040 1220 2106 1284 la
2163 1221 2312 1304 plus
2360 1223 2545 1283 ouest
2601 1219 2677 1282 de
2732 1218 2796 1281 la
2842 1223 3002 1282 cote.

491 1330 590 1394 On
637 1330 697 1392 n'
746 1326 1036 1413 apercoit
1082 1328 1232 1411 plus
1278 1331 1469 1411 apres
1511 1328 1606 1392 lui
1654 1349 1900 1392 aucune
1948 1332 2118 1391 terre
2171 1351 2251 1391 au
2297 1327 2478 1413 large
2526 1330 2590 1390 et
2638 1349 2719 1389 en
2764 1326 3005 1409 voyant

489 1458 595 1500 ces
640 1457 915 1520 parages
962 1457 1130 1518 pour
1174 1435 1237 1498 la
1275 1436 1590 1518 premiere
1629 1435 1784 1520 fois,
1832 1458 1916 1499 011
1963 1434 2099 1499 doit
2144 1435 2642 1499 naturellement
2689 1455 3007 1517 supposer

490 1542 645 1628 qu'il
702 1545 801 1609 est
846 1541 1230 1606 l'extremite
1292 1543 1367 1606 de
1423 1543 1487 1605 13
1532 1538 1849 1628 Libye’1).
1922 1541 2152 1626 Neque
2211 1542 2353 1606 ideo
2411 1541 2755 1624 habemuS,
2810 1562 2923 1603 cur
2971 1563 3007 1603 a

486 1651 709 1715 nostra
756 1649 1061 1733 opinione
1111 1650 1514 1731 decedamuS,
1564 1649 1764 1733 quod,
1811 1672 1958 1713 cum
2004 1648 2238 1713 Hanno
2288 1650 2657 1714 Soloentem
2704 1671 3004 1733 promun-

486 1758 732 1822 turium
779 1756 1233 1840 frequentibus
1278 1756 1586 1820 vestitum
1634 1756 1833 1820 fuisse
1882 1755 2061 1821 silvis
2109 1756 2305 1841 dicat,
2361 1756 2552 1821 hodie
2603 1762 2736 1839 Cap
2777 1756 3006 1823 Cantin

488 1865 835 1929 arboribus
900 1864 1144 1927 nudum
1200 1867 1324 1928 est:
1387 1886 1538 1927 nam
1605 1862 1718 1946 qui
1774 1863 1897 1927 1100
1963 1863 2269 1947 affirmat,
2335 1863 2655 1928 Tissotius
2713 1861 2804 1949 (p.
2844 1860 3005 1948 245)

489 1972 747 2058 dignior
793 1970 953 2034 mihi
1001 1992 1138 2035 esse
1185 1969 1464 2053 videtur,
1521 1969 1623 2034 cui
1669 1970 1862 2033 fidem
1909 1971 2264 2036 habeamus
2310 1971 2543 2054 Meri0,
2599 1970 2709 2054 qui
2756 1969 2848 2057 (p.
2889 1967 3006 2055 26)

489 2081 681 2163 plane
729 2077 1127 2143 contrarium
1164 2081 1474 2141 autumat.
1560 2076 1685 2140 Sed
1721 2077 2154 2160 reputandum
2202 2083 2318 2162 est,
2363 2082 2463 2142 tot
2503 2077 2776 2142 saeculis
2812 2077 3004 2140 inter-

490 2185 705 2250 missis
768 2184 1071 2249 facillime
1137 2184 1363 2248 silvam
1429 2183 1607 2246 illam
1673 2183 1871 2247 deleri
1937 2185 2254 2270 potuisse,
2318 2209 2528 2270 neque
2593 2185 2660 2249 id
2725 2187 3004 2268 praeter-

488 2294 904 2376 mittendum,
950 2290 1295 2356 Vivienum
1344 2292 1419 2355 de
1468 2290 1557 2354 St.
1596 2290 1840 2355 Martin
1886 2290 1979 2378 (p.
2020 2290 2181 2379 363)
2234 2315 2354 2357 nos
2402 2293 2690 2376 edocere,
2738 2292 3007 2356 Mauros

488 2402 818 2485 appellare
876 2398 1108 2465 Cantin
1163 2397 1687 2482 promunturium
1744 2398 2232 2483 Bas-el-Hadik,
2288 2401 2326 2463 i.
2384 2424 2434 2464 e.
2494 2400 2633 2483 ‘cap
2693 2399 2804 2462 des
2858 2397 3006 2461 bois

489 2510 564 2573 de
603 2506 952 2592 palmiers',
997 2506 1164 2570 unde
1211 2527 1343 2569 non
1379 2505 1473 2569 ita
1509 2505 1715 2569 multo
1761 2509 1910 2569 ante
1949 2506 2082 2587 Cap
2119 2504 2351 2571 Cantin
2397 2505 2578 2570 silvis
2624 2508 3001 2589 coopertum

487 2615 685 2679 fuisse
752 2614 1082 2679 evincitur.
1175 2613 1455 2678 Tissotio
1518 2612 1714 2677 etiam
1779 2617 1944 2677 teste
2011 2618 2182 2698 utar,
2247 2617 2320 2677 ut
2378 2636 2505 2696 quo
2571 2612 2709 2677 iure
2767 2611 3000 2696 Scylax

487 2723 813 2788 Soloentis
849 2722 1149 2787 viciniam
1189 2721 1548 2806 ἱερωτάτην
1582 2719 1928 2803 vocaverit,
1975 2719 2242 2803 planum
2278 2721 2418 2783 fiat:
2465 2719 2772 2784 nimirum
2808 2718 2999 2783 hodie

491 2838 747 2914 quoque
794 2830 862 2893 in
902 2830 1132 2895 Cantin
1169 2827 1620 2913 promunturio
1659 2850 1883 2891 murus
1929 2825 2257 2891 circularis
2301 2826 2630 2909 lapidibus
2669 2830 3001 2890 extructus

489 2942 588 3001 est
636 2937 745 3020 qui
792 2940 1058 3001 vocatur
1103 2934 1835 3019 MedJma-a-es-Salihiw,
1882 2933 1919 2997 i.
1965 2957 2016 2998 e.
2065 2933 2149 2997 ‘la
2194 2932 2465 2998 reunion
2512 2933 2623 2996 des
2670 2955 2844 3017 purS,
2891 2932 3003 2997 des

488 3043 851 3128 sanctifies',
907 3045 1020 3107 ‘un
1075 3043 1185 3107 des
1241 3041 1632 3106 sanctuaires
1686 3042 1781 3105 les
1836 3042 1987 3124 plus
2042 3042 2311 3104 veneres
2365 3040 2548 3104 d'une
2604 3039 2833 3125 region
2889 3039 3001 3124 qui

489 3150 893 3235 aujourd'hui
941 3172 1188 3213 comme
1245 3172 1326 3213 au
1372 3153 1585 3231 temps
1634 3149 1709 3211 de
1760 3147 2019 3232 Scylax,
2080 3152 2177 3212 est
2224 3170 2349 3212 une
2407 3148 2517 3211 des
2564 3147 2713 3231 plus
2762 3146 3003 3211 saintes

488 3259 564 3321 de
602 3256 918 3341 l'Afrique
933 3253 1028 3342 2).’
1097 3256 1326 3320 Restat
1364 3278 1564 3319 unum
1602 3260 2056 3341 argumentum
2094 3255 2561 3341 gravissimum.
2628 3254 3001 3339 Sequuntur

488 3365 662 3429 enim
727 3365 796 3428 in
849 3363 1188 3428 Hannonis
1247 3364 1501 3448 periplo
1558 3364 1716 3428 11300
1771 3364 1995 3429 verba:
2052 3362 2274 3428 ’Ένθα
2329 3363 2760 3438 Ποσειδῶνος
2816 3362 3000 3444 ἱερὸν

489 3472 926 3556 ἱδρυσάμενοι
972 3471 1174 3535 πάλιν
1229 3469 1554 3554 ἐπέβημεν
1608 3472 1776 3556 πρὸς
1819 3471 2012 3553 ’ἥλιον
2070 3469 2428 3552 ἀνίσχοντα
2481 3465 2727 3552 ἡμέρας
2771 3468 2995 3552 ἥμισυ.

484 3579 799 3663 Inspicias
847 3600 1084 3663 quaeso
1133 3577 1414 3642 tabulas:
1460 3577 1714 3642 videbis
1752 3577 1964 3662 primo
2005 3578 2261 3659 obtutU,
2308 3598 2486 3640 oram
2532 3599 2569 3639 a
2615 3574 2999 3658 septentrio-

485 3686 617 3751 nali
664 3688 791 3751 fine
839 3686 920 3750 ad
965 3684 1490 3770 promunturium
1533 3682 1765 3750 Cantica
1812 3687 1986 3748 recta
2033 3686 2406 3768 protensam
2451 3681 2622 3746 linea
2667 3681 2773 3745 hic
2820 3682 2999 3765 paul-

485 3795 692 3859 lulum
740 3794 1053 3859 orientem
1099 3816 1323 3858 versus
1367 3791 1659 3857 recedere
1707 3814 1983 3875 eumque
2032 3790 2284 3855 efficere
2335 3789 2564 3871 sinum,
2612 3787 2723 3871 qui
2771 3788 3001 3874 gallice

486 3901 857 3965 nominatur
929 3902 1065 3966 baie
1136 3903 1209 3966 de
1271 3900 1437 3983 Saffi
1452 3896 1523 3985 3).
1632 3897 2003 3982 Antequam
2069 3903 2286 3962 autem
2351 3896 2476 3959 huc
2542 3895 3003 3959 contenderent

488 4008 1077 4094 Carthaginienses,
1124 4031 1388 4073 ancoras
1434 4007 1720 4071 iecerunt
1769 4005 1836 4068 in
1883 4006 2152 4089 parvulo
2201 4007 2414 4087 portu,
2460 4024 2591 4067 non
2638 4003 2916 4066 multum
2963 4026 3000 4066 a

666 4277 719 4345 1)
755 4274 826 4330 cf.
864 4274 1053 4331 'I'issot
1096 4294 1150 4344 p.
1189 4281 1311 4328 241.
1385 4270 1694 4336 Jannasch‚
1741 4271 1990 4325 deutsche
2026 4269 2594 4339 Handelsexpedition
2633 4275 2770 4324 1886
2816 4286 2871 4337 p.
2912 4275 2996 4323 33.

485 4363 689 4429 Africa
720 4364 874 4418 Pilot
908 4383 962 4433 p.
995 4370 1078 4418 57.
1148 4360 1393 4430 Com-ing
1421 4380 1474 4429 p.
1507 4367 1598 4415 77:
1641 4359 1854 4413 ‘Hoher
1881 4357 1995 4411 und
2024 4358 2201 4411 hoher
2230 4357 2490 4427 steigend
2519 4358 2646 4412 tritt
2674 4357 2771 4411 das
2798 4355 2996 4426 felsige

485 4452 601 4521 Cap
642 4451 847 4507 Cantin
882 4452 1018 4507 weit
1052 4451 1112 4504 in
1149 4453 1258 4505 den
1296 4450 1525 4504 Ocean'.

663 4562 720 4630 2)
758 4559 828 4614 cf.
867 4558 1059 4613 Tissot
1095 4577 1149 4628 p.
1180 4563 1300 4612 247.
1377 4557 1519 4609 Entz
1556 4575 1608 4626 p.
1640 4562 1726 4610 22.

667 4667 721 4738 3)
758 4665 827 4719 cf.
866 4664 1069 4720 Vivien
1106 4664 1175 4718 de
1215 4664 1294 4720 St.
1321 4664 1532 4719 Martin
1566 4683 1622 4734 p.
1654 4670 1774 4718 400.
1837 4661 2028 4717 Tissot
2062 4680 2117 4731 p.
2150 4665 2252 4714 247
2277 4678 2357 4729 sq.
2423 4660 2545 4714 Mer
2580 4677 2636 4728 p.
2657 4665 2742 4714 26.
